5709 7534
609 893 662 952 ll'l
1120 874 1164 932 ut
1183 874 1274 930 tutta
1296 872 1491 940 unttctorttt,
1510 873 1540 930 S.
1560 874 1747 934 AUGllS'l'lNl
2098 925 2104 936 ,
2188 883 2239 942 m

608 1023 669 1066 sans
683 1003 825 1062 rotundum
837 995 987 1062 rasorium
1003 1001 1050 1049 aut
1063 991 1209 1049 secundum
1221 1004 1280 1046 mm
1302 996 1395 1043 rotun·
1449 987 1487 1043 ile
1500 985 1556 1058 ipsa
1570 1003 1632 1043 rero
1648 1004 1697 1044 nec
1719 989 1811 1057 Pater,
1827 1004 1878 1045 non
1899 990 1971 1047 enirn
1993 991 2082 1050 nilnoe
2093 1001 2137 1050 est
2156 1009 2236 1067 ψῃ

609 1099 673 1155 dum
683 1091 829 1157 mulum,
844 1097 871 1145 et
882 1101 935 1143 trun
949 1083 1097 1141 secuudum
1110 1096 1169 1136 eam
1192 1078 1333 1136 rotundum
1346 1077 1395 1134 de·
1448 1076 1505 1147 ipse
1518 1077 1526 1110 ¹
1539 1119 1547 1144 ,
1561 1087 1588 1133 et
1600 1078 1659 1135 idco
1673 1095 1732 1149 qna
1744 1079 1822 1134 Pater
1832 1079 1947 1150 ludmat,
1960 1097 2009 1152 per
2025 1081 2111 1154 ipsam
2121 1082 2237 1156 mim,

610 1190 721 1246 nanum.
745 1180 874 1239 Similiter
895 1180 922 1234 in
944 1174 1107 1245 temporibus
1127 1181 1207 1242 atquc
1230 1171 1256 1226 in
1280 1170 1396 1224 motibus
1447 1167 1540 1222 Omnia
1555 1167 1626 1223 etnim
1640 1185 1700 1239 quiae
1709 1177 1836 1241 appetunt
1849 1173 1988 1240 unimtesu,
1999 1171 2069 1230 benc
2081 1171 2182 1230 mm
2193 1189 2238 1232 m.

610 1290 761 1348 corporum,
782 1270 895 1328 ridicule
920 1267 1016 1322 dicitur
1034 1262 1180 1322 seeundum
1205 1276 1263 1316 carn
1282 1257 1395 1329 judicari
1447 1259 1549 1330 gulam,
1573 1261 1614 1316 sel
1627 1263 1755 1328 iormom,
1771 1262 1813 1318 rcl
1831 1264 2001 1334 exemplum,
2014 1264 2060 1322 sol
2080 1264 2173 1338 aquo
2186 1267 2237 1324 ‚150

609 1366 723 1441 equales
735 1377 829 1428 aurcos,
845 1369 873 1418 et
890 1373 943 1416 tion
960 1355 1106 1414 secumdum
1116 1368 1175 1409 eam
1189 1351 1305 1422 aquales
1319 1363 1395 1403 meu·
1448 1349 1529 1405 terlio
1540 1349 1593 1406 dici
1605 1366 1635 1407 se
1648 1353 1726 1418 sinit;
1747 1355 1873 1425 quonam
1887 1354 1943 1410 sola
1961 1354 2020 1427 elus
2036 1355 2237 1414 sinistrorsnm,

607 1477 668 1527 ses3
681 1453 886 1515 autsecnudurn
899 1465 958 1508 arn
972 1447 1088 1519 aquales
1100 1458 1224 1510 memes,
1246 1451 1273 1497 et
1286 1456 1338 1495 rton
1352 1454 1396 1496 se·
1447 1454 1528 1511 aquo
1537 1456 1597 1496 esse
1609 1443 1721 1513 accepit,
1737 1443 1854 1513 impleuit
1869 1461 1876 1497 ι
1891 1442 1915 1499 sl
1935 1452 2024 1502 tamea
2035 1485 2046 1514 ,
2059 1447 2174 1516 mppr,
2185 1464 2236 1505 ,ιω

606 1551 723 1610 cundum
735 1563 795 1606 eam
806 1544 922 1617 aquales
938 1540 1006 1597 dies.
1028 1536 1081 1595 Sed
1092 1537 1148 1592 sire
1162 1549 1210 1606 pcr
1225 1536 1281 1588 trac
1298 1532 1393 1601 spatia,
1448 1528 1591 1602 incongrue
1604 1529 1711 1598 dicitur,
1727 1546 1775 1603 pro
1785 1547 1816 1588 ea
1829 1533 2089 1606 significationem
2101 1534 2184 1592 lilius
2193 1550 2238 1608 ap·

606 1645 663 1702 slse
676 1657 724 1713 per
736 1642 836 1703 boras,
856 1637 912 1692 siro
933 1649 978 1704 pcr
993 1630 1116 1688 breuiora
1139 1633 1274 1682 momenta
1295 1637 1395 1678 courc-
1448 1618 1569 1689 pellatur,
1581 1620 1641 1689 quia
1654 1636 1708 1676 nou
1720 1622 1753 1677 de
1764 1622 1853 1692 scipso
1867 1621 1978 1687 cst,sed
1998 1623 2033 1682 dg
2053 1625 2233 1714 primo-m,

606 1733 712 1791 aienter
723 1739 860 1786 mercatur
869 1723 985 1796 aliquid,
998 1720 1091 1778 eadem
1106 1732 1157 1773 una
1171 1725 1198 1772 et
1221 1716 1395 1769 incommuta·
1447 1723 1544 1779 uroque
1557 1711 1702 1782 principio,
1713 1711 1759 1783 guni
1772 1712 1852 1769 l'ater
1863 1713 1975 1780 dicitur;
1985 1730 2018 1771 es
2030 1733 2081 1789 qao
2092 1716 2175 1773 omnia
2190 1735 2236 1788 ps·

606 1826 653 1883 blli
667 1821 816 1895 equalitate
826 1817 970 1892 judicatur.
982 1811 1059 1883 Quod
1078 1810 1101 1866 si
1123 1809 1225 1864 minora
1247 1814 1275 1862 et
1293 1804 1394 1873 majora
1447 1800 1550 1856 ternitm
1561 1802 1586 1855 in
1600 1802 1663 1857 roelo
1675 1812 1699 1857 et
1713 1806 1739 1858 in
1753 1813 1819 1860 tero
1831 1807 1975 1862 nominetur
1993 1806 2102 1880 (Epist.
2114 1824 2164 1874 ttt,
2180 1809 2236 1884 te).

606 1914 691 1989 spatia
704 1914 845 1983 Quintum
865 1918 944 1979 atque
958 1904 1104 2049 intortum
1114 1899 1258 1956 secundum
1273 1896 1394 1953 eamdem
1447 1888 1526 1946 Potor
1538 1908 1602 1962 ergo
1616 1910 1666 1948 oon
1673 1895 1774 1966 judicet
1786 1913 1951 1969 quemquam,
1965 1899 2011 1955 sed
2023 1917 2098 1956 omne
2110 1902 2236 1974 judiam

606 2004 694 2076 lqem
708 1999 866 2073 parilitatis,
879 1998 921 2052 rel
940 1995 990 2051 sim
1022 1991 1131 2056 tudinis,
1151 1988 1192 2046 rel
1215 1985 1395 2058 congruentia
1446 1981 1596 2038 dadith'lio
1610 1982 1740 2057 (leons,
1753 1985 1820 2059 22):
1838 1998 1875 2053 et,
1888 1990 2030 2058 spiritulia
2051 1991 2127 2047 Moto
2140 1992 2236 2061 indicet

603 2089 768 2167 judicantur,
782 2090 838 2160 ipsa
859 2088 902 2144 ier
915 2085 1001 2155 major
1023 2091 1064 2139 est
1079 2082 1120 2136 lris
1134 2077 1268 2143 omnibus,
1283 2075 1330 2132 sed
1345 2090 1394 2146 po-
1447 2073 1542 2139 ouon'o,
1554 2073 1609 2143 ipse
1620 2085 1703 2129 antem
1718 2092 1734 2129 s
1749 2077 1847 2131 umine
1857 2078 1989 2148 judicatur.
1999 2078 2092 2149 (lcor.
2101 2079 2196 2153 ugos),
2210 2081 2236 2138 pp

607 2185 700 2243 tectis.
721 2180 853 2238 &aarum
876 2176 963 2247 spatio
985 2182 1029 2228 aut
1051 2170 1102 2226 loc'i
1127 2176 1172 2223 aut
1192 2165 1329 2237 temporis,
1346 2179 1395 2219 uec
1447 2171 1488 2220 est
1507 2178 1521 2217 a
1545 2165 1618 2246 nullo
1633 2165 1756 2234 lnotnind,
1769 2165 1844 2222 seda
1865 2168 1921 2222 sola
1935 2169 1991 2238 ipsa
2011 2169 2070 2240 lega
2090 2169 2237 2228 mgna„

606 2274 692 2347 malos
704 2290 753 2329 nce
765 2272 852 2327 missor
864 2288 870 2324 :
884 2268 944 2340 qula
955 2265 977 2322 sl
991 2263 1076 2334 maier
1085 2269 1166 2327 esset,
1181 2275 1235 2313 nou
1249 2255 1394 2312 secuudum
1447 2267 1525 2322 rpuam
1535 2252 1635 2323 judicat
1648 2257 1757 2321 omnia;
1774 2257 1900 2327 quoniam
1914 2268 1940 2314 et
1955 2258 2020 2314 illud
2039 2260 2180 2317 serissime
2195 2261 2237 2317 di.

607 2379 690 2426 totana
709 2365 889 2437 judicaremus
908 2360 1027 2422 minem
1049 2356 1072 2410 si
1091 2364 1180 2408 autem
1203 2350 1291 2405 mittor
1312 2355 1393 2412 osset,
1447 2353 1517 2398 ctttnt
1540 2354 1599 2411 ost,
1621 2345 1726 2417 Oportet
1744 2364 1790 2402 nos
1809 2365 1896 2404 omnes
1916 2350 2029 2406 anien
2047 2361 2108 2408 asts
2127 2353 2238 2409 trident
2261 2373 2265 2380 .

605 2475 659 2518 nott
672 2455 817 2515 secutrdum
830 2467 888 2509 aar
900 2450 1078 2521 judicaremus
1091 2442 1190 2513 ntajora
1205 2440 1225 2494 ι,
1242 2437 1319 2494 Nunc
1333 2451 1396 2492 sero
1447 2432 1541 2490 Clusisti
1553 2435 1590 2510 (ll
1601 2435 1660 2491 Cor.
1673 2454 1701 2506 r,
1715 2437 1770 2510 td).
1780 2438 1874 2495 Ounnia
1888 2455 1953 2512 crgo
1964 2441 2147 2513 judieagqni.
2158 2459 2238 2516 mg„

606 2566 670 2608 rum
690 2546 836 2604 secundum
849 2553 930 2598 totam
944 2536 1114 2611 quadratura
1127 2532 1211 2603 legem
1224 2529 1356 2600 judicetur
1369 2534 1396 2581 ct
1447 2527 1536 2582 omnia
1549 2538 1600 2601 est,
1614 2530 1720 2600 ornando
1732 2546 1792 2587 cuns
1807 2532 1862 2587 beo
1874 2541 1925 2588 est.
1944 2533 2010 2589 Qum
2022 2534 2069 2589 llio
2082 2542 2173 2592 autent
2185 2545 2236 2602 est,

606 2642 694 2700 icrunt
706 2637 885 2711 quadratum,
908 2641 934 2688 et
947 2615 1018 2702 lapls'
1035 2625 1201 2698 quadratus,
1217 2631 1243 2677 ot
1257 2619 1353 2676 tabella
1369 2627 1396 2674 et
1447 2617 1552 2687 quando
1562 2619 1701 2688 purissime
1715 2619 1845 2692 inteiligit,
1856 2630 1884 2677 et
1896 2629 1950 2677 tota
1961 2622 2101 2692 ebaritate,
2114 2624 2186 2696 qrsod
2197 2625 2238 2680 tn-

606 2746 712 2807 gemma
724 2727 871 2802 quadrata,
887 2736 981 2779 rursus
994 2718 1141 2777 secundum
1163 2724 1245 2771 totam
1258 2711 1407 2784 aqualita-'

608 2826 644 2881 tls
652 2824 737 2894 legem
747 2819 899 2891 iudicentur
910 2811 1052 2869 convenire
1063 2808 1113 2865 sibi
1126 2815 1214 2863 motus
1227 2803 1323 2877 pedum
1334 2819 1397 2859 cur-

607 2913 692 2972 resrtis
702 2910 828 2973 bmnicc,
837 2902 1015 2962 etsccundurn
1024 2916 1083 2958 cam
1093 2895 1237 2970 gradientis
1246 2894 1394 2966 elephanti:

607 3004 668 3078 qols
688 3019 746 3060 mm
759 3000 861 3057 dubitet
876 2998 996 3054 loconrm
1011 2991 1157 3049 intervallis
1180 3004 1211 3045 ac
1232 2998 1394 3058 temporum,

606 3112 658 3154 nec
668 3093 795 3165 majorem
816 3104 894 3156 esse,
907 3102 958 3143 nce
981 3085 1122 3150 mitiorem,
1142 3097 1201 3136 cum
1217 3081 1333 3151 potentia
1349 3092 1395 3133 su·

607 3195 681 3258 perat
694 3182 800 3242 omuial
814 3181 876 3237 llac
888 3188 976 3234 autem
988 3176 1030 3232 les
1043 3175 1161 3229 osttttluttt
1176 3172 1271 3226 artium
1282 3187 1341 3226 cum
1362 3171 1397 3227 sit

607 3278 718 3334 omrnluo
731 3272 974 3335 incommutabilis,
988 3283 1064 3322 uteris
1084 3280 1148 3322 sero
1168 3264 1281 3318 bumana
1296 3264 1338 3318 eui
1354 3272 1397 3317 ta·

609 3366 662 3420 lena
674 3363 759 3433 legem
772 3362 863 3417 ridere
879 3370 1036 3414 concessum
1055 3364 1113 3420 cst,
1128 3351 1333 3407 mutabilitatem·
1344 3339 1397 3421 pati

609 3459 694 3525 posstt
706 3452 823 3517 erroris,
834 3451 900 3505 satis
918 3454 1028 3517 apparot
1041 3460 1120 3515 supra
1142 3452 1259 3499 mentem
1279 3451 1397 3498 nostram

608 3557 671 3600 esse
682 3541 779 3613 legent,
794 3555 853 3610 qum
867 3537 965 3593 ueritas
978 3536 1083 3591 dicitur.

607 3670 721 3730 ctt’ttt
744 3668 885 3726 ml-
896 3665 967 3722 neus
979 3683 1077 3721 maimo
1090 3668 1139 3720 istu
1158 3667 1199 3721 lea
1212 3675 1247 3721 est
1260 3667 1397 3722 secundnm

660 3761 814 3833 gurm-rotie
822 3759 931 3831 judicat,
945 3758 989 3812 sed
1001 3773 1076 3828 quom
1084 3756 1204 3828 jsdicore
1218 3758 1347 3812 nonlicet.

642 3894 687 3951 st.
707 3892 761 3950 Nec
770 3892 827 3965 jam
839 3891 901 3948 illud
920 3888 1107 3961 stobigcndum
1124 3899 1183 3959 est,
1196 3888 1399 3947 incommutabi-

607 3985 660 4042 lcm
672 3995 870 4057 naturamque
879 3980 959 4055 supra
971 3982 1126 4039 rationalem
1137 3984 1251 4038 animam
1262 3984 1306 4047 sit,
1315 3983 1397 4038 Deum

607 4091 686 4145 esse;
700 4086 726 4132 ct
741 4076 777 4132 ibi
791 4090 850 4131 esse
861 4075 973 4145 primam
987 4073 1106 4128 vitamet
1117 4071 1229 4142 primam
1242 4072 1396 4141 essentiam,

607 4168 652 4222 ubl
664 4176 706 4223 est
720 4167 803 4236 prima
818 4165 957 4235 sapientia.
976 4162 1042 4218 Nam
1057 4161 1114 4217 baec
1133 4174 1172 4216 est
1187 4162 1231 4217 illa
1247 4153 1398 4217 'incommu-

607 4260 696 4318 tabilis
708 4261 817 4327 veritas,
831 4275 889 4329 qua
902 4259 944 4315 les
957 4257 1076 4312 cronium
1090 4255 1185 4311 actium
1205 4266 1278 4311 recte
1291 4256 1397 4324 dicitur,

607 4358 635 4406 et
645 4365 691 4406 ars
699 4348 887 4419 omnipotentis
897 4347 1016 4403 artificis.
1027 4346 1118 4414 langue
1128 4361 1187 4401 ctum
1200 4361 1230 4402 se
1239 4347 1326 4400 :intima
1337 4362 1399 4402 scn-

574 4509 576 4514 ,
607 4440 656 4498 tlat
674 4456 724 4499 uec
743 4439 885 4511 corporum
909 4439 1024 4509 speciem
1047 4446 1200 4508 motumque
1215 4436 1335 4507 judicare
1356 4452 1400 4493 sc·

607 4530 723 4588 cundum
745 4531 880 4601 seipsam,
895 4529 975 4584 simul
996 4536 1102 4598 oportet
1123 4537 1249 4598 agnoscat
1271 4536 1399 4598 praestare

570 4671 577 4678 .
607 4637 683 4679 sustu
704 4631 825 4678 natumm
849 4621 873 4675 ci
888 4628 990 4675 staturae
1004 4619 1039 4675 dc
1062 4634 1114 4690 qua
1135 4617 1254 4688 judicat;
1270 4627 1398 4689 prostare

607 4722 696 4769 autent
711 4712 762 4768 sibi
776 4727 835 4768 mtto
849 4721 981 4775 naturam,
997 4710 1142 4766 secundum
1157 4724 1235 4780 quam
1247 4710 1358 4780 iudicat,
1371 4718 1399 4765 ct

606 4801 641 4859 do
651 4818 702 4874 qua
714 4801 833 4873 judicare
846 4801 921 4857 nullo
933 4801 1014 4857 mmo
1026 4809 1123 4871 potest.
1143 4799 1255 4858 Possum
1270 4800 1341 4857 euim
1357 4802 1397 4857 di·

587 4901 667 4949 'cero
682 4908 766 4963 quare
784 4891 880 4947 similia
901 4890 953 4948 sibi
970 4906 1002 4946 es
1026 4901 1136 4963 utraque
1149 4901 1223 4962 parte
1234 4891 1397 4963 respondere

606 4981 726 5037 mmbra
751 4984 878 5051 cujusque
900 4982 1019 5051 corporis
1044 4980 1180 5048 debcant;
1206 4983 1267 5053 quis
1293 4997 1397 5040 summa

606 5069 757 5140 aqtalitate
775 5070 912 5136 delecter,
926 5085 1005 5140 quam
1020 5087 1073 5126 nun
1092 5072 1176 5127 oculis
1196 5074 1334 5142 corporis,
1348 5073 1396 5129 sed

606 5160 706 5216 mentis
714 5169 1029 5232 contueorzquaproptcr
1036 5169 1110 5217 anto
1120 5160 1230 5217 meliora
1239 5177 1300 5218 esse
1306 5162 1406 5232 judicu'

606 5267 667 5322 qua
686 5251 772 5308 oculis
785 5266 885 5318 certio,
898 5262 997 5322 quanto
1012 5267 1062 5322 pro
1084 5267 1132 5307 sua
1153 5263 1247 5307 natura
1270 5252 1397 5310 viciniora

606 5350 669 5399 sunt
681 5341 713 5397 iis
722 5342 879 5414 qumanimo
890 5342 1017 5414 intelligo.
1032 5342 1120 5411 Quare
1130 5351 1219 5398 autem
1232 5343 1277 5399 illa
1286 5344 1321 5398 in
1332 5344 1396 5411 sint,

605 5434 695 5491 nullus
708 5444 796 5505 potest
813 5433 903 5490 dicere
914 5451 922 5489 ε
934 5449 985 5489 uec
1003 5434 1040 5489 ita
1060 5427 1159 5490 debere
1177 5448 1238 5490 csse
1258 5434 1397 5505 quisquam

605 5524 697 5584 sobrie
710 5524 816 5591 dixerit,
829 5524 904 5595 quasi
916 5524 1019 5595 possint
1032 5538 1092 5580 csse
1105 5538 1158 5579 nou
1171 5524 1218 5582 ita.

640 5619 687 5677 58.
706 5617 794 5686 Quare
805 5626 894 5671 autem
909 5616 985 5672 uobis
996 5617 1129 5688 placeant,
1139 5626 1167 5672 et
1176 5631 1224 5673 eur
1236 5631 1278 5684 eo,
1289 5617 1397 5688 quando

605 5711 703 5771 melius
713 5710 842 5781 sapimus,
853 5707 1324 5780 vehementissimediligamus,neid
1335 5711 1395 5780 qui-

606 5804 668 5861 dem
682 5803 833 5875 quisquam,
843 5802 867 5857 si
879 5815 911 5857 ea
924 5800 976 5856 rite
989 5801 1120 5873 iutelligit,
1130 5802 1219 5858 dicere
1230 5802 1347 5858 audebit.
1363 5802 1396 5860 llt

602 5896 676 5951 enirn
690 5910 740 5951 nos
750 5903 777 5950 et
794 5907 888 5949 omnes
902 5891 998 5946 atrimae
1016 5891 1176 5959 rationales,
1188 5892 1334 5948 secundnm
1348 5908 1395 5950 re·

605 5991 710 6043 naam
722 5987 757 6043 de
769 5985 940 6043 interioribus
953 5992 1027 6040 recto
1039 5982 1199 6055 judicantum
1212 5986 1251 6040 sic
1260 5985 1294 6041 de
1307 5987 1393 6051 nobis,

604 6075 711 6145 quaudo
723 6076 810 6133 eidem
823 6076 1007 6143 subaremus,
1020 6075 1076 6132 sela
1095 6074 1151 6146 ipsa
1166 6076 1268 6131 Veritas
1283 6076 1393 6146 judicat.

556 6206 562 6214 '
637 6206 715 6258 'nutu
726 6220 734 6258 ι
747 6215 796 6258 aas
811 6206 942 6259 mundns
950 6219 1006 6261 ems
1018 6205 1186 6273 inducemus
1196 6207 1299 6274 majoro-
1311 6207 1395 6263 nelias

605 6271 669 6329 tls,
681 6280 728 6320 sanc
737 6271 868 6322 asomum
877 6276 959 6322 tosnns

1449 2707 1557 2777 telligit,
1571 2708 1664 2780 diligit
1685 2710 1723 2764 ita
1746 2712 1842 2778 etiam,
1858 2720 1984 2781 quantum
1999 2722 2088 2783 potest
2099 2755 2107 2778 ,
2120 2714 2162 2770 les
2181 2714 2238 2785 ipsa

1447 2798 1527 2853 etiam
1541 2800 1596 2869 ipsc
1611 2799 1650 2866 stt,
1663 2800 1810 2856 monadum
1828 2817 1908 2872 quam
1924 2801 2024 2872 judicat
2042 2804 2131 2858 omnia
2142 2845 2151 2867 ,
2164 2812 2193 2859 et
2203 2804 2240 2861 ds

1447 2905 1498 2959 ntra
1511 2891 1630 2960 iudicare
1645 2893 1733 2948 nullm
1745 2901 1842 2963 potest.
1852 2893 1926 2950 Sient
1937 2895 1963 2949 lu
1977 2895 2036 2951 istis
2047 2896 2238 2967 temporalibus

1448 2980 1560 3052 legibus,
1576 2997 1726 3055 quiunquam
1740 2982 1774 3041 de
1787 2983 1829 3039 bis
1843 2983 1964 3042 bomines
1983 2985 2103 3055 judicent
2118 3003 2180 3043 rum
2192 3001 2240 3045 ess

1449 3072 1597 3140 instituunt,
1613 3082 1699 3129 nmen
1720 3089 1780 3128 cum
1794 3073 1892 3129 luerint
1910 3075 2037 3132 institutae
2054 3085 2135 3148 atquo
2148 3077 2237 3133 linua-

1449 3170 1492 3227 tm,
1509 3178 1561 3217 non
1576 3161 1666 3219 licebit
1678 3164 1759 3232 judici
1773 3164 1882 3236 deipsis
1893 3164 2023 3235 judicare,
2035 3166 2238 3223 sodsernudma

1449 3253 1530 3323 ipsas.
1549 3255 1671 3309 Cotiditot
1691 3265 1779 3311 maten
1793 3256 1879 3325 legum
1895 3256 2091 3326 tenuporalium,
2103 3257 2128 3314 si
2141 3258 2239 3314 virbo-

1449 3359 1500 3399 nus
1512 3353 1553 3400 est
1565 3354 1592 3399 et
1604 3346 1726 3416 sapiens,
1741 3345 1812 3401 iltom
1828 3346 1911 3415 ipsam
1925 3347 2039 3401 consulit
2051 3354 2191 3413 aarum,
2204 3345 2239 3404 ds

1449 3449 1500 3505 quta
1516 3435 1580 3490 nulli
1602 3436 1698 3491 animm
1717 3437 1838 3507 jndioere
1852 3439 1943 3493 datum
1965 3448 2025 3504 esu
2047 3447 2078 3495 ttl
2094 3439 2239 3496 ”enudata

1450 3526 1508 3594 ejus
1528 3525 1757 3582 incommutabiles
1778 3528 1901 3598 regulas,
1917 3527 1978 3599 quid
2000 3528 2034 3583 sit
2058 3543 2107 3599 pro
2120 3539 2240 3601 tempure

1447 3617 1594 3688 jubendum
1621 3620 1814 3691 nourndumqua
1836 3619 1979 3677 discernat.
2000 3619 2141 3682 AElernattt
2161 3622 2240 3694 hilar

1450 3711 1535 3782 legem
1547 3712 1651 3767 mundis
1665 3713 1760 3768 animis
1771 3712 1810 3768 ias
1821 3721 1863 3769 est
1874 3727 2046 3783 cognoscere,
2055 3713 2176 3783 judicare
2186 3728 2239 3770 non

1450 3801 1491 3857 las
1505 3810 1556 3858 est.
1577 3802 1732 3859 decantem
1757 3804 1880 3869 interest,
1896 3803 1966 3875 quod
1979 3803 2012 3859 ad
2025 3802 2239 3874 cognoscendum

1451 3893 1516 3948 satis
1528 3902 1570 3948 est
1582 3901 1612 3948 ut
1626 3893 1761 3949 rideamus
1775 3896 1810 3948 ita
1823 3909 1882 3950 csse
1894 3893 1993 3964 aliquid
2007 3893 2049 3950 rel
2064 3909 2117 3950 uon
2139 3893 2174 3950 ita
2186 3910 2194 3947 a
2204 3891 2240 3948 ad

1448 3985 1620 4056 judicandum
1640 4000 1704 4041 rere
1724 3984 1846 4041 addimus
1860 3985 1959 4057 aliquid
1983 4001 2038 4056 qino
2062 3985 2240 4057 signillceruus

1451 4089 1530 4145 posse
1540 4090 1600 4131 osse
1614 4083 1641 4130 et
1654 4075 1750 4141 alitem
1766 4076 1836 4131 relut
1850 4091 1910 4131 cum
1924 4075 2056 4142 dicimus,
2071 4075 2109 4132 lta
2121 4074 2239 4134 maede-

1451 4165 1506 4231 bet,
1516 4174 1576 4230 aut,
1592 4166 1627 4220 ita
1640 4180 1701 4221 esse
1713 4165 1814 4230 debuit,
1830 4175 1885 4232 aut,
1899 4166 1935 4220 ita
1949 4180 2009 4223 esse
2021 4166 2147 4234 debebit;
2164 4167 2238 4234 ntis

1450 4256 1507 4313 suis
1520 4256 1644 4327 operibus
1664 4257 1779 4313 artillces
1792 4257 1899 4312 iaciunt.

1451 4344 1563 4402 eleut
1575 4344 1719 4401 ffllb-
1733 4346 1843 4401 llnitetis
1852 4347 1878 4400 in
1895 4345 2042 4415 cerporibus
2051 4355 2089 4402 est
2100 4345 2239 4420 καὶμὴ..

1550 4438 1594 4493 sed
1605 4439 1660 4508 ipsu
1673 4439 1757 4493 unitas
1771 4438 1871 4493 nonnisi
1883 4447 1963 4492 mente
1975 4439 2140 4511 conspicitur.

1486 4528 1532 4585 os.
1552 4527 1605 4585 sat
1627 4530 1716 4584 multis
1736 4530 1795 4584 llsris
1813 4537 1855 4584 ost
1879 4530 1992 4583 ltrrnnana
2017 4529 2176 4599 delectatio,
2191 4544 2241 4588 tsoo

1450 4620 1542 4676 volunt
1558 4618 1666 4675 tendere
1679 4620 1712 4676 ad
1726 4621 1874 4692 superiora,
1884 4630 1912 4675 ut
1924 4620 2043 4691 judicent
2055 4636 2104 4677 our
2115 4622 2167 4677 tata
2178 4623 2240 4679 risl-

1450 4711 1513 4767 billa
1528 4712 1658 4782 placeant.
1678 4711 1768 4782 ltaque
1780 4712 1802 4766 si
1816 4727 1932 4783 quaram
1945 4711 1979 4767 ab
1987 4711 2100 4780 artidcc,
2112 4729 2167 4769 uno
2176 4727 2237 4770 aret

1449 4811 1613 4867 constructo,
1624 4817 1672 4857 cur
1683 4803 1795 4857 alterum
1810 4817 1900 4872 parem
1912 4787 2004 4857 contra
2024 4802 2049 4857 in
2069 4803 2150 4860 altera
2165 4813 2239 4876 parte

1450 4892 1590 4959 moliatur;
1603 4891 1792 4964 respondebit,
1806 4893 1904 4958 credo,
1918 4903 1947 4948 ut
1967 4894 2040 4965 paria
2054 4894 2162 4964 paribus
2174 4895 2239 4951 ndi-

1450 4980 1502 5037 llcii
1515 4970 1634 5038 membra
1647 4965 1835 5052 respondeant.
1855 4983 1939 5038 Porro
1952 4982 1975 5037 si
1988 4997 2096 5055 pergam
2107 4997 2236 5055 quarere,

1449 5070 1563 5141 idipsum
1578 5087 1626 5127 cur
1646 5073 1743 5144 eligat;
1766 5073 1836 5128 dicet
1850 5072 1901 5128 boc
1916 5073 2031 5140 decere,
2045 5075 2096 5131 ltuc
2107 5089 2169 5133 mse
2181 5076 2238 5148 pul-

1449 5160 1553 5227 chrum,
1562 5160 1614 5216 boc
1620 5159 1753 5217 delectare
1761 5171 1917 5218 corruentes:
1928 5164 1993 5220 nibil
1999 5163 2236 5237 audebitamplins.

1449 5248 1591 5306 irrelinatus
1604 5250 1675 5307 enim
1687 5252 1819 5308 recumbit
1830 5254 1924 5314 oculis.
1936 5261 1964 5309 et
1975 5254 2046 5310 undo
2058 5255 2175 5326 pcadem
2185 5271 2237 5313 non

1449 5339 1579 5409 intelligit.
1600 5342 1634 5393 dt
1645 5354 1696 5410 ego
1709 5341 1795 5397 sirum
1806 5344 1964 5400 intrinsecus
1975 5345 2120 5414 oculatum,
2130 5356 2158 5403 et
2169 5337 2236 5403 iniri·¹

1448 5430 1560 5486 sibiliter
1573 5429 1705 5486 ridentem
1720 5447 1773 5487 non
1793 5432 1912 5489 desinam
1933 5449 2104 5493 commonere
2122 5452 2171 5494 eur
2188 5439 2238 5495 lats

1449 5522 1579 5592 placeant,
1591 5523 1707 5592 utjudcx
1720 5539 1781 5580 csso
1790 5526 1886 5581 audeat
1900 5526 1982 5597 ipsius
1991 5527 2176 5586 delectationis
2187 5516 2239 5586 ltnss

1448 5627 1543 5667 nsanm.
1564 5611 1601 5668 lta
1614 5614 1686 5669 enim
1707 5614 1872 5685 superfertur
1889 5617 1946 5684 illl,
1963 5634 2012 5674 nec
2031 5619 2109 5676 abes
2123 5629 2237 5692 ωηατ,

1447 5703 1510 5758 dum
1520 5717 1573 5757 non
1585 5704 1728 5759 secuttdum
1738 5706 1831 5780 ipsam,
1843 5706 1890 5762 sed
1904 5708 1989 5778 ipsam
1998 5709 2109 5782 judicat.
2121 5712 2155 5768 Et
2166 5713 2238 5784 prius

1447 5810 1563 5867 quaram
1579 5806 1666 5850 utrum
1681 5795 1742 5853 ideo
1756 5798 1865 5867 pulcltra
1879 5800 1949 5867 siut,
1961 5803 2022 5872 qnia
2038 5801 2191 5872 delectaut3
2204 5819 2237 5860 aa

1447 5886 1725 5958 idcodolcctent‚quia
1736 5890 1846 5959 pulcbra
1853 5900 1924 5948 sunt.
1941 5893 2237 5955 llicmiltislnedubita·

1446 5965 1519 6035 tiene
1530 5978 1743 6049 respondebitur,
1753 5981 1813 6037 ideo
1825 5981 1958 6039 delectare
1970 5984 2033 6051 cuia
2042 5985 2235 6056 puloltrasuut.

1446 6068 1569 6137 Quaeram
1583 6082 1647 6137 crgo
1661 6066 1800 6140 deinceps,
1814 6086 1897 6141 qnare
1909 6073 1963 6130 sint
1980 6074 2110 6145 pulcbra3
2123 6084 2152 6133 et
2165 6077 2188 6132 si
2202 6075 2235 6132 ti·

1446 6157 1590 6225 turbabitur,
1599 6157 1748 6229 subjiciam,
1756 6168 1844 6216 uuum
1855 6161 1917 6219 idco
1928 6162 1989 6235 qula
1999 6161 2101 6223 slmiles
2112 6166 2162 6223 sibi
2173 6181 2229 6238 par·

1478 6269 2227 6341 ¹ttssduedeeimbsbcuttu'mettimsulrnssestaumsm
