5709 7534
1154 817 1256 875 libell
1277 814 1502 876 etiobectrttis
2102 825 2155 886 liu

589 951 644 992 ram
659 936 821 994 medicinale
839 936 994 1002 censllrutn,
1011 943 1041 992 ut
1055 936 1080 992 ci
1094 934 1214 1005 praeputii
1229 932 1312 1002 iungi·
1368 927 1498 1018 imagines
1510 946 1661 1002 corporum,
1677 951 1735 1006 unu·
1751 951 1796 1006 por
1807 938 1927 1009 corperis
1941 939 2034 997 ocules
2047 941 2152 1011 viderit,

602 1027 807 1100 preciderctur,
826 1042 880 1099 quo
902 1026 972 1083 lucto
993 1026 1039 1082 diu
1060 1039 1113 1081 non
1135 1022 1311 1080 saturiacum
1364 1036 1444 1091 quam
1454 1022 1643 1100 somniantium
1656 1026 1786 1082 ueletiam
1799 1027 2153 1101 tuuecstasinsiouoseue·

591 1117 691 1178 Ιιαιιι
704 1120 828 1177 similiter
839 1120 950 1185 doleret,
962 1127 989 1176 et
1002 1119 1098 1175 similia
1113 1118 1202 1174 ridere
1214 1117 1310 1185 cocpis-
1363 1125 1479 1183 curruque
1491 1120 1580 1169 tamen
1598 1115 1643 1170 illa
1656 1125 1748 1171 natura
1767 1118 1883 1174 abortum
1897 1128 1949 1188 est,
1965 1122 2057 1192 procui
2071 1121 2153 1178 dubio

589 1212 688 1284 acepit
701 1212 737 1268 ab
748 1212 790 1269 eis
800 1225 892 1268 rursus
904 1212 1055 1278 masiliam,
1069 1219 1099 1267 nt
1110 1211 1136 1265 in
1149 1224 1223 1265 mare
1241 1209 1311 1279 pube
1362 1218 1461 1273 corpus
1481 1219 1536 1260 non
1557 1215 1608 1261 est.
1630 1206 1685 1262 lluc
1708 1223 1786 1264 ruossc
1809 1212 1852 1264 cui
1874 1226 1927 1266 nou
1950 1211 2060 1279 suflicit,
2081 1212 2151 1270 unde

589 1317 595 1359 t
608 1301 732 1370 lntnret,
747 1319 780 1360 sc
791 1310 852 1376 post
863 1301 1023 1375 aliquantam
1034 1315 1137 1357 moram
1151 1299 1214 1356 inde
1224 1298 1311 1356 disse·
1362 1294 1443 1350 ctiam
1455 1294 1586 1365 ιιιειιιι,
1606 1296 1719 1368 inquirat
1732 1298 1766 1354 ab
1786 1299 1863 1366 aiiis;
1877 1316 1921 1356 me
1941 1300 2064 1374 minorare
2082 1317 2150 1360 con-

589 1433 605 1461 „
617 1394 836 1466 prominentibus
849 1408 915 1450 sane
927 1392 998 1464 quod
1013 1392 1070 1464 jam
1089 1391 1215 1462 deinceps
1226 1390 1309 1448 relte-
1353 1384 1450 1451 ¹illem.

589 1483 717 1541 stallium
730 1483 916 1542 doloremneu
931 1491 1151 1553 essetpassums,
1165 1481 1308 1538 sedsolins
1401 1515 1405 1523 ‹
1448 1474 1562 1537 CAPUT
1576 1477 1695 1536 iiiii-
1712 1479 1933 1538 Undcnoscoutur
1946 1485 2060 1543 ιιιιιιι.

599 1575 699 1633 viscosi
718 1576 838 1632 inumeris
856 1575 1025 1631 molestiam:
1039 1581 1118 1644 atque
1132 1572 1168 1628 ita
1187 1580 1307 1628 secutum
1395 1567 1442 1624 dl.
1462 1568 1529 1625 ilud
1551 1569 1630 1641 plane
1650 1572 1832 1642 exemplorum
1854 1574 2043 1644 experimentis
2060 1579 2148 1650 colligi

593 1657 785 1738 rtec'nnquaru
807 1666 887 1723 talem
909 1665 1025 1736 aliquam
1045 1672 1138 1733 postea
1156 1676 1250 1733 passius
1266 1668 1309 1717 est
1360 1659 1454 1729 datur,
1474 1661 1546 1718 sicin
1567 1678 1709 1733 corporum
1732 1663 1831 1735 pabor,
1851 1664 1950 1734 rubor,
1973 1673 2087 1736 tremor,
2107 1670 2149 1725 rel

589 1756 681 1814 ιοιιοιι
695 1757 796 1813 mentis
809 1770 825 1811 a
837 1754 977 1820 sensibus,
996 1769 1047 1810 neo
1067 1752 1120 1809 tale
1131 1752 1229 1823 aliquid
1244 1750 1308 1808 vidit
1359 1754 1441 1809 etiam
1455 1755 1564 1811 morbus
1575 1754 1745 1826 aliquandoa
1762 1770 1875 1827 torpore
1886 1755 1967 1813 babet
1979 1771 2083 1826 causas,
2098 1758 2149 1812 ali-

589 1866 593 1899 ι
605 1853 684 1904 autea
695 1860 759 1902 cum
771 1847 798 1900 in
810 1845 906 1902 mediis
918 1843 1056 1901 doloribus
1068 1851 1095 1899 ct
1107 1841 1247 1898 horrendis
1262 1857 1306 1897 ro·
1359 1845 1467 1915 quaudo
1485 1847 1520 1903 ab
1540 1847 1648 1914 auima3
1668 1856 1697 1904 ct
1714 1862 1731 1903 a
1750 1862 1863 1920 corpore
1883 1849 2001 1922 quidem,
2021 1866 2082 1908 euru
2106 1852 2149 1909 rei

602 1947 717 2010 repente
726 1939 913 1995 obmutescens
922 1937 1098 2008 abriperetur.
1109 1935 1203 1992 Postea
1219 1945 1307 1991 nuncu
1359 1936 1457 1994 huntur
1468 1937 1638 2008 suffunditur,
1652 1939 1694 1997 rel
1706 1939 1783 1997 cibtrs
1793 1940 1834 1998 rel
1848 1941 1949 2015 aliquid
1960 1943 2031 2000 aliud
2041 1945 2149 2013 corpori

589 2029 624 2088 ris
642 2041 742 2088 cetera
760 2031 914 2089 errantibus
933 2036 961 2086 et
977 2029 1150 2096 sanantibus,
1165 2043 1220 2084 raon
1245 2042 1306 2098 per·
1360 2028 1485 2100 injectum
1497 2032 1681 2098 extrinsecus3
1695 2031 1730 2089 ab
1740 2032 1829 2089 anima
1841 2048 1914 2100 aero,
1926 2049 1987 2090 cum
1999 2034 2041 2092 rel
2054 2034 2149 2091 timore

589 2119 613 2177 it
625 2121 652 2177 ιι
667 2123 805 2192 prriprisito
818 2121 977 2177 sarrctitatis.
1359 2120 1498 2186 turbatur,
1519 2121 1559 2177 rei
1578 2120 1680 2193 pudore
1699 2121 1882 2191 oetilunditnr,
1899 2119 1941 2181 r'cl
1956 2124 2092 2191 irascitur,
2107 2125 2149 2182 vel

632 2211 749 2269 CAPUT
759 2210 849 2268 xt'lit.
860 2241 897 2254 -
908 2210 948 2268 Dc
958 2211 1081 2266 visionum
1094 2212 1188 2266 corda.
1358 2221 1440 2279 amat,
1451 2214 1493 2271 rel
1506 2214 1529 2270 si
1543 2213 1606 2285 quid
1618 2213 1749 2284 ejusmodi
1760 2231 1769 2284 ;
1782 2231 1833 2274 nec
1845 2217 1988 2286 immerite,
1999 2218 2022 2276 si
2037 2218 2063 2274 id
2075 2218 2147 2291 quud

589 2302 728 2359 .lstarnru
749 2303 882 2384 sisinnum
902 2312 927 2360 ct
950 2302 1141 2358 divinationum
1162 2316 1257 2358 musas
1278 2310 1307 2357 et
1357 2303 1460 2361 ιιιιιιιιι
1479 2314 1507 2361 ct
1529 2309 1606 2377 regit,
1626 2309 1705 2364 etiam
1727 2323 1788 2365 cum
1810 2309 1994 2367 uehementius
2014 2320 2146 2377 moretur,

589 2392 752 2465 erestigare
769 2395 792 2450 si
808 2394 867 2463 nnis
881 2402 979 2466 potest,
992 2402 1118 2464 certoque
1131 2392 1307 2463 mmprcben-
1357 2395 1543 2452 ueterueutius
1554 2398 1689 2468 exagitata
1705 2398 1741 2455 ita
1755 2408 1782 2456 et
1794 2399 1844 2469 ipsi
1856 2400 1952 2455 animae
1964 2409 1992 2455 nt
2003 2400 2030 2456 iu
2042 2416 2075 2458 ea
2089 2402 2146 2458 uisa

601 2499 665 2542 οιιιιι
679 2485 765 2556 nangis
782 2485 875 2542 audire
887 2485 999 2548 rcilern,
1018 2500 1096 2555 quam
1110 2484 1143 2541 dc
1156 2500 1199 2540 nae
1210 2497 1305 2554 esspe-
1358 2493 1460 2555 pergnt,
1473 2500 1534 2558 qnae
1552 2501 1605 2544 non
1624 2489 1649 2545 ei
1669 2505 1716 2560 per
1730 2503 1824 2546 sensus
1840 2490 1960 2561 corporis
1979 2492 2145 2560 nuntiantur,

597 2583 629 2632 nt
648 2576 707 2648 ipse
725 2576 896 2633 dissererem
909 2576 977 2646 Quid
997 2586 1085 2633 nmen
1104 2587 1211 2647 putem,
1226 2576 1262 2631 ita
1277 2584 1306 2631 ut
1356 2574 1405 2631 sed
1424 2591 1473 2646 per
1491 2577 1684 2649 incorporalem
1703 2580 1888 2647 substantiam,
1906 2589 1934 2638 et
1952 2582 1988 2637 ita
2007 2585 2102 2654 pergat
2118 2592 2148 2639 ut

589 2667 654 2726 lecti
668 2684 712 2725 rne
726 2678 849 2740 nuquam
869 2668 1071 2725 corubrmantern
1091 2667 1238 2734 deriuleant,
1255 2682 1306 2723 nec
1357 2680 1411 2721 nou
1434 2665 1568 2724 discernat
1588 2676 1675 2725 utrum
1697 2684 1810 2741 corpora
1832 2671 1886 2726 sint
1905 2687 1939 2728 an
1960 2672 2147 2734 similitudines

589 2761 749 2833 litationem
762 2762 901 2820 docentem
913 2762 1054 2834 accipiant,
1069 2763 1116 2819 sed
1128 2765 1235 2834 utrique
1246 2762 1304 2819 dis·
1355 2769 1517 2826 corporum,
1537 2759 1678 2831 aliquando
1693 2775 1708 2816 a
1722 2776 1836 2832 eturpuro
1849 2763 1955 2832 accidit,
1969 2764 2112 2836 aliquando
2129 2780 2146 2821 a

589 2855 661 2907 atem
679 2860 707 2909 α
718 2861 881 2923 quaemnrpm
897 2853 1076 2925 potiusquam
1091 2854 1236 2921 selenitem,
1251 2867 1304 2909 ιιι
1355 2846 1469 2916 spiritu:
1483 2857 1511 2904 et
1523 2864 1538 2904 a
1549 2865 1663 2922 corpore
1676 2851 1798 2924 undem,
1812 2853 1869 2910 sive
1882 2856 1996 2912 naturali
2010 2856 2145 2914 vicissitu-

589 2942 660 3000 ιι»,
675 2942 734 3015 330
747 2944 802 3000 vi„
824 2945 874 3000 5312
892 2945 982 3001 omnia
1000 2946 1065 3002 visi,
1084 2959 1211 3016 pompm
1231 2960 1304 3001 gom.
1354 2936 1436 3007 dine,
1449 2946 1479 2996 ιι
1498 2946 1561 2995 sunt
1583 2941 1639 2996 risa
1658 2944 1865 3013 seminantium,
1878 2944 1997 3002 dormire
2017 2946 2144 3018 quippea

589 3032 652 3090 ⁸tarta.
662 3031 817 3090 sicutenim
825 3035 966 3105 aliqnando
976 3033 1069 3091 etlraro
1078 3033 1304 3106 laisa,aliqurande
1354 3044 1468 3102 corpore
1479 3040 1521 3087 est
1532 3030 1634 3088 bomini
1645 3049 1653 3100 ;
1666 3034 1723 3090 site
1734 3035 1821 3106 aliquia
1833 3036 1902 3092 mala
1916 3034 2066 3094 valetudine
2079 3052 2143 3094 seu-

589 3137 597 3182 t
618 3137 686 3181 resa
708 3133 785 3193 suat,
806 3124 948 3197 abqutando
971 3125 1137 3197 perturbata,
1160 3126 1303 3198 aliquando
1353 3122 1427 3178 situs
1441 3124 1612 3194 perturbatis,
1627 3132 1656 3182 ut
1674 3141 1735 3182 curn
1749 3143 1766 3182 a
1778 3126 1940 3197 phreneticis
1954 3128 2034 3186 simul
2046 3137 2072 3186 et
2083 3144 2145 3188 eur·

589 3215 672 3284 uilla;
686 3215 744 3287 ipsa
753 3225 843 3273 autem
853 3215 926 3285 iera,
937 3217 1080 3289 aliquando
1090 3218 1184 3273 interris
1193 3217 1302 3275 omnino
1355 3230 1419 3288 pura
1433 3217 1572 3286 ridentur,
1587 3227 1615 3275 ct
1626 3219 1683 3275 uisa
1697 3218 1795 3275 similia
1806 3219 1962 3290 corporibus
1976 3229 2102 3292 tanquam
2115 3230 2143 3278 et

589 3323 616 3376 a,
626 3309 670 3365 rei
682 3317 775 3381 apale
787 3308 869 3379 dicu,
880 3310 1021 3382 aliqnando
1035 3309 1157 3367 obscuris
1170 3310 1303 3383 signitas·
1354 3307 1411 3380 ipa
1424 3324 1480 3380 pra
1498 3309 1584 3366 oculis
1596 3309 1705 3366 adsint:
1719 3319 1767 3366 aut
1778 3310 1885 3380 penitus
1896 3310 2058 3380 interclusis,
2072 3312 2143 3369 sient

589 3411 625 3454 er
639 3405 667 3455 et
684 3397 762 3470 quast
774 3398 894 3471 llpnratis
909 3400 1088 3457 locutionibus
1107 3402 1281 3472 praenuntiata
1294 3420 1301 3457 :
1353 3416 1425 3472 sepe
1444 3400 1514 3458 male
1529 3401 1617 3459 adecti
1636 3404 1731 3458 morbo
1748 3403 1837 3474 alique
1850 3402 2062 3475 ingravescente,
2073 3419 2144 3477 prcc-

589 3485 644 3546 hrra
658 3488 706 3545 illa
727 3493 830 3546 ornata.
849 3490 903 3547 Sed
921 3500 1013 3548 amant
1029 3491 1151 3548 hemines
1165 3492 1303 3564 inexperta
1353 3506 1431 3553 sento
1451 3511 1564 3568 corpure
1583 3497 1630 3554 diu
1650 3497 1792 3563 alacritas,
1807 3496 1903 3554 deinde
1917 3497 2069 3556 bominibus
2080 3499 2143 3557 red-

589 3579 615 3648 i,
634 3589 664 3637 ct
676 3594 772 3637 unns
792 3581 961 3638 insolitorum
975 3582 1120 3658 reqtrirerc,
1136 3598 1196 3640 cum
1216 3584 1303 3654 quoti·
1354 3585 1419 3652 diti,
1433 3587 1517 3642 multa
1531 3601 1562 3644 se
1579 3586 1679 3643 vidisse
1690 3586 1833 3644 dixerunt:
1849 3602 1865 3642 a
1877 3581 2069 3660 spiritu'vere,
2082 3602 2143 3645 cum

597 3673 758 3746 munnae
773 3674 834 3730 talia
847 3689 919 3746 saepe
934 3676 1015 3732 etiarn
1030 3675 1178 3732 latentioris
1189 3677 1301 3749 eripiaris
1353 3678 1464 3734 omniuo
1480 3692 1547 3734 sarto
1565 3687 1644 3749 atque
1661 3680 1765 3750 irrtepro
1782 3693 1894 3750 corpore
1910 3678 1939 3735 iu
1956 3679 2143 3737 alienationem

604 3777 661 3820 nen
681 3771 785 3820 cnrcnt.
799 3763 866 3820 Nam
885 3765 1110 3836 quemadmodum
1132 3767 1158 3821 in
1180 3767 1300 3836 vocibus,
1353 3767 1502 3839 rapiuntur,
1515 3768 1572 3826 sive
1587 3770 1624 3825 ita
1644 3779 1672 3825 ut
1688 3778 1715 3825 et
1732 3785 1886 3841 persensus
1898 3770 2019 3842 eorporis
2031 3785 2143 3842 corpora

589 3863 613 3914 st
630 3857 715 3930 urnis
732 3858 828 3929 ouibus
846 3858 979 3930 loquendo
992 3859 1101 3928 utinum,
1115 3858 1207 3916 audite
1220 3861 1302 3916 verbo
1353 3859 1472 3929 rideant,
1485 3870 1513 3918 ot
1527 3861 1554 3917 in
1566 3862 1661 3931 spiritu
1673 3861 1795 3932 quiedam
1808 3861 1905 3918 similia
1923 3877 1983 3933 ιιι
1994 3877 2010 3916 a
2023 3862 2144 3933 cerpori-

589 3955 643 4016 ato,
658 3957 783 4019 querunt
795 3950 881 4021 prinae
892 3949 956 4022 quid
968 3951 1012 4016 sit,
1026 3950 1077 4006 buc
1089 3958 1131 4006 est
1142 3951 1206 4022 quid
1221 3951 1303 4023 εἰειι-
1353 3951 1404 4008 lrns
1415 3967 1469 4008 non
1485 3952 1657 4019 disceruaut3
1674 3952 1731 4008 sire
1748 3952 1853 4023 petulius
1865 3959 2045 4009 avertuntura
2059 3952 2145 4009 seusi-

598 4055 655 4111 ιιι
674 4042 782 4113 cognito
800 4041 897 4098 deinde
915 4050 1038 4113 quarum
1056 4042 1126 4099 nunde
1144 4044 1181 4099 ita
1201 4041 1300 4100 dictum
1353 4041 1404 4098 lrus
1417 4044 1522 4109 carnis,
1541 4051 1568 4100 et
1585 4042 1650 4098 ninii
1672 4057 1719 4113 per
1732 4056 1780 4099 eos
1793 4043 1903 4106 amitino
1921 4043 2085 4112 sentientes,
2098 4043 2143 4098 illu

589 4147 631 4190 aar
645 4141 700 4189 nm
718 4119 877 4190 multa'sine
896 4149 961 4192 cora
984 4136 1118 4202 nesciant,
1133 4150 1194 4207 que
1211 4135 1237 4191 in
1251 4150 1301 4192 usu
1353 4134 1484 4205 spirituali
1505 4133 1608 4191 risione
1625 4134 1746 4192 habitent
1765 4133 1793 4191 in
1814 4134 2032 4192 similitudinibus
2044 4150 2142 4205 corpo·

589 4227 643 4285 >ais
655 4227 765 4296 babent,
777 4227 848 4285 unde
862 4230 898 4284 ita
912 4228 965 4284 sint
974 4228 1044 4283 dieta
1057 4246 1065 4285 ε
1078 4228 1117 4284 sie
1129 4243 1190 4285 cnm
1203 4228 1301 4300 aliquid
1353 4241 1423 4280 rum.
1438 4224 1491 4284 Sed
1503 4240 1564 4282 curn
1576 4225 1662 4282 malus
1674 4225 1701 4282 in
1715 4224 1774 4284 nac
1783 4226 1876 4297 arripit
1889 4220 2013 4296 spiritus,
2026 4235 2072 4282 ant
2085 4226 2142 4283 du·

589 4327 664 4376 atum
684 4319 711 4374 in
724 4319 804 4376 rebus
816 4320 953 4388 acciderit,
967 4320 1024 4376 site
1035 4318 1230 4391 corporalibus,
1244 4320 1302 4377 sire
1354 4318 1492 4374 naeniaeos
1505 4318 1578 4385 lacit,
1592 4326 1637 4373 aut
1650 4317 1813 4389 arreptitios,
1828 4327 1874 4374 aut
1888 4318 1969 4374 salsos
1981 4317 2142 4390 propbetas:

589 4411 698 4477 miibns,
713 4427 808 4469 musm
821 4414 1006 4485 ratiornmquc
1024 4414 1138 4471 sollicite
1153 4414 1300 4486 inquirunt,
1352 4424 1413 4465 cunt
1436 4419 1525 4467 autem
1548 4410 1643 4476 boum,
1667 4409 1759 4467 ssdeles
1778 4412 1905 4485 mysteria
1926 4412 2074 4484 loquentes,
2097 4425 2143 4470 aut

589 4501 683 4561 lrcddi
694 4519 710 4560 a
723 4503 877 4562 doctoribus
888 4504 1017 4577 flagitant.
1352 4502 1497 4559 accedente
1509 4504 1590 4559 etiam
1605 4503 1777 4575 intelligentia
1793 4518 1873 4560 ueros
1887 4504 2040 4576 propbetas,
2052 4505 2143 4562 autad

607 4593 689 4652 Soleo
701 4604 789 4653 atatem
801 4611 862 4653 eum
876 4599 1044 4669 unoquisque
1058 4597 1214 4669 interrogat,
1227 4598 1301 4654 verbi
1353 4601 1459 4664 tempus
1474 4592 1546 4666 quod
1560 4609 1609 4665 per
1622 4608 1669 4650 ees
1680 4600 1787 4665 oportet
1804 4594 1920 4663 ostendi,
1934 4595 2054 4653 aucune
2064 4606 2144 4666 atque

589 4707 604 4754 t,
615 4685 680 4759 qnid
692 4687 728 4743 sit
739 4694 824 4755 catus,
838 4695 866 4744 et
876 4688 1036 4760 respondeo,
1053 4688 1172 4744 Prudens
1185 4688 1227 4744 vei
1238 4704 1302 4745 acn-
1353 4693 1501 4741 narrantes.
1954 4725 1957 4731 .
2027 4729 2031 4738 .

589 4776 844 4843 sarcinatricem
858 4777 945 4850 pergit
955 4792 1077 4850 querere
1088 4777 1158 4834 unde
1168 4777 1255 4834 dictus
1267 4781 1302 4835 sit
1352 4775 1466 4833 CAPUT
1475 4775 1579 4833 Ul.-
1591 4775 1650 4832 Visa
1661 4792 1718 4848 pue
1729 4794 1745 4832 o
1756 4793 1863 4850 corpore
1873 4778 2028 4834 occasionem
2040 4778 2141 4847 boeoti,

589 4913 595 4942 ,
618 4869 737 4928 vicissim
759 4870 858 4928 reierre
877 4880 906 4928 et
927 4887 1049 4944 quaerere
1067 4870 1137 4928 unde
1160 4871 1247 4928 dictus
1267 4873 1302 4928 sit
1533 4885 1585 4925 nou
1599 4879 1683 4924 tunica
1694 4869 1803 4926 celtiberi
1816 4887 1833 4925 o
1845 4885 1959 4942 corpore.

589 4979 613 5034 t,
626 4963 699 5035 qnod
714 4962 887 5020 nibilominus
901 4965 991 5034 utiquc
1005 4962 1156 5035 ignorabat,
1175 4961 1223 5018 sed
1238 4964 1301 5034 quia
1387 4960 1434 5017 ιι.
1453 4958 1507 5018 Sed
1521 4975 1582 5017 cuna
1594 4976 1610 5017 a
1622 4975 1734 5031 corpure
1745 4975 1825 5017 causa
1839 4970 1881 5018 est
1899 4970 1928 5017 nt
1940 4960 2002 5018 talia
2013 4961 2068 5018 risa
2083 4976 2144 5018 eer-

590 5071 635 5112 mn
650 5069 749 5114 nomen
761 5063 829 5123 erat,
843 5056 974 5127 patienter
984 5055 1042 5127 ojtrs
1054 5053 1185 5124 originem
1194 5054 1301 5110 nescie-
1352 5062 1460 5121 uantur,
1482 5066 1535 5109 non
1554 5067 1585 5109 ea
1603 5065 1701 5124 eorpus
1719 5052 1846 5121 exbibet;
1867 5053 2044 5125 nequeenim
2063 5054 2144 5111 babet

597 5145 670 5220 qnod
692 5154 782 5204 antem
808 5161 906 5202 nouum
928 5146 1045 5201 insonuit
1066 5145 1184 5211 auribus,
1207 5159 1301 5216 parum
1351 5158 1412 5199 eam
1432 5143 1496 5208 rim,
1516 5152 1546 5198 nt
1563 5141 1661 5200 formet
1678 5143 1778 5216 aliquid
1796 5144 1954 5215 spirituale:
1975 5143 2024 5202 sed
2042 5144 2141 5213 sopito,

594 5253 676 5297 nesse
693 5239 757 5311 quid
771 5238 946 5310 sipuileando
960 5239 1056 5306 valeri,
1070 5238 1121 5295 nisi
1136 5239 1216 5294 etiam
1230 5238 1301 5295 trude
1351 5242 1398 5291 aut
1408 5235 1572 5307 perturbato,
1582 5244 1630 5291 aut
1639 5235 1719 5291 etiarn
1729 5234 1874 5293 intercluso
1883 5237 1980 5294 itinere
1989 5237 2144 5294 intentionis

589 5346 613 5387 tr
630 5330 763 5403 exquirat.
776 5330 901 5402 Quisquis
915 5345 980 5402 erpo
1000 5345 1034 5386 ex
1054 5345 1098 5386 mc
1116 5330 1211 5401 quaerit
1231 5329 1301 5385 nunde
1352 5341 1366 5382 a
1381 5327 1576 5399 scrobemque
1590 5327 1856 5398 dirigitnrseatiendi
1868 5339 1968 5398 metus,
1983 5331 2072 5387 anima
2086 5330 2143 5403 ipsa

589 5422 767 5500 corporalibus
787 5422 883 5479 similia
900 5423 927 5478 in
949 5421 1044 5478 eoensi
1061 5430 1218 5492 appareant,
1238 5437 1299 5492 quum
1352 5437 1413 5492 oruc
1427 5430 1503 5479 rnotn
1519 5422 1628 5493 proprio
1640 5435 1749 5479 cessare
1766 5423 1801 5481 ab
1813 5421 1865 5480 lroc
1876 5438 1960 5495 opero
1972 5438 2026 5481 nen
2045 5432 2143 5495 potest.

589 5514 682 5573 eccidit
695 5514 809 5584 animae,
822 5514 940 5570 vicissim
952 5529 1059 5585 mucro,
1074 5514 1144 5570 unde
1156 5523 1302 5584 appareant
1353 5513 1414 5583 nuria
1435 5526 1598 5584 percorpus
1616 5529 1670 5569 non
1691 5512 1797 5580 sinitur,
1818 5514 1860 5571 rel
1878 5530 1932 5572 non
1951 5515 2030 5586 plene
2049 5515 2145 5572 sinitur

589 5605 714 5674 Ιαιιιιιιιε,
735 5621 795 5680 quac
814 5605 933 5677 qooddie
954 5606 1036 5661 scrutit
1055 5605 1153 5672 anima,
1174 5614 1203 5662 et
1223 5621 1302 5662 uicum
1353 5603 1501 5674 corporalia
1514 5603 1633 5672 sendra,
1646 5603 1690 5660 rel
1706 5603 1741 5660 ad
1754 5606 1904 5679 corporalia
1919 5607 1971 5661 uim
1985 5620 2040 5662 suae
2056 5605 2144 5662 iuterr-

600 5706 649 5756 aat
668 5711 723 5753 non
747 5696 860 5753 muitum
880 5706 955 5754 eunt
976 5697 1121 5769 inquirere.
1134 5696 1215 5766 Quasi
1238 5713 1302 5753 rere
1354 5696 1435 5752 tionis
1446 5695 1573 5767 dinero,
1584 5697 1679 5767 spiritu
1690 5697 1868 5768 corporalium
1879 5696 2066 5752 similitudines
2078 5696 2143 5766 cpit,

589 5789 671 5848 uisus
683 5788 751 5846 mira
763 5788 799 5847 sit
812 5789 902 5845 talium
918 5797 1011 5845 natura
1023 5789 1152 5856 risurum,
1163 5790 1224 5861 quiin
1236 5805 1303 5859 nuo
1353 5798 1400 5844 aut
1423 5789 1541 5846 intuetur
1561 5789 1689 5861 objectas
1709 5789 1743 5846 Et
1764 5789 1787 5845 si
1806 5789 1914 5862 nitidem
1933 5802 1979 5845 eas
1999 5786 2056 5858 ipsa
2079 5787 2145 5858 agit,

589 5897 609 5942 ι
627 5889 692 5949 cst;
706 5890 753 5938 aut
773 5881 834 5937 ideo
853 5881 942 5938 minus
958 5880 1075 5938 curanda
1085 5921 1093 5949 ,
1105 5881 1168 5952 ouria
1182 5880 1301 5936 omnium
1354 5879 1503 5952 phantasiae
1523 5888 1624 5936 latrium
1644 5890 1725 5946 sonte
1740 5881 1764 5936 si
1776 5889 1865 5936 autern
1879 5878 1999 5949 objectas
2017 5879 2145 5948 intuetur,

589 5979 629 6032 rai
647 5971 671 6028 si
690 5979 764 6027 recte
778 5970 877 6027 iaciunt
891 5971 935 6042 qui
957 5969 1007 6026 ista
1026 5985 1079 6027 non
1101 5980 1302 6042 quaerentum
1355 5972 1525 6029 ostensiones
1545 5979 1617 6028 sunt.
1631 5973 1751 6043 ιιιιιιιι
1768 5986 1828 6026 cum
1840 5970 1911 6027 oculi
1931 5969 2022 6026 dolent
2042 5970 2084 6025 rel
2100 5987 2146 6027 er·

589 6075 609 6119 a
628 6060 743 6120 ιοιοιιιι
756 6062 779 6118 si
796 6077 847 6120 noc
862 6064 899 6146 la·
913 6062 957 6117 illa
975 6061 1074 6117 curiosi
1088 6063 1151 6117 siut.
1168 6062 1225 6135 Ego
1240 6080 1303 6120 reru
1356 6064 1530 6132 sanctisunt,
1544 6064 1606 6135 quia
1620 6080 1672 6121 non
1685 6072 1727 6119 cst
1737 6077 1817 6118 eausa
1830 6062 1856 6118 iu
1870 6062 1936 6118 sede
1946 6062 2062 6129 cerebri,
2076 6064 2147 6120 unde

589 6175 594 6210 ι
615 6154 732 6228 amplius
751 6156 889 6222 admirer,
913 6155 1049 6227 multoque
1073 6155 1188 6210 maxime
1209 6165 1304 6228 stupeo
1357 6157 1414 6229 ipsa
1428 6156 1552 6227 dirigitur
1564 6156 1676 6212 intentio
1689 6151 1831 6220 sentiendi,
1847 6169 1898 6208 ιιι
1912 6153 1977 6208 burri
1994 6153 2147 6224 hujusmodi

589 6247 759 6308 acelmitnte
773 6265 803 6308 ac
825 6248 951 6307 faeditate
969 6248 996 6306 in
1016 6262 1045 6306 sc
1058 6247 1147 6306 anima
1159 6247 1304 6308 subnectur
1357 6247 1485 6318 visiones,
1501 6246 1620 6320 utramuis
1632 6244 1772 6304 cernendis
1786 6245 1968 6317 corporalibus
1982 6245 2148 6306 pinnaculum
