5709 7534
614 927 671 975 tere
683 916 817 976 dominari
832 919 859 975 in
873 919 976 985 rlmm;
989 918 1059 991 quod
1073 918 1117 974 ulii
1127 920 1266 992 contingit,
1281 935 1403 992 perversa

613 1017 640 1066 et
652 1009 752 1066 misera
766 1009 862 1065 domna
872 1017 937 1065 est.-

648 1099 693 1157 ιι.
715 1101 806 1156 Primo
819 1116 883 1172 crgo
901 1100 1092 1157 demonstrarit
1106 1101 1175 1157 Deus
1192 1101 1293 1158 bomini
1305 1112 1405 1174 quanto

613 1191 709 1246 melior
721 1199 794 1246 ειεει
814 1190 971 1261 pecoribus,
992 1200 1019 1246 et
1037 1192 1160 1247 omnibus
1180 1192 1405 1249 irrationabilibus

612 1281 793 1337 animantibus
805 1298 812 1336 r
826 1290 854 1337 et
866 1281 916 1337 linc
926 1281 1057 1353 signifieat
1068 1283 1137 1353 qnod
1147 1284 1246 1339 dicium
1258 1293 1309 1351 est,
1322 1284 1406 1340 addu-

611 1379 653 1425 eia
665 1383 727 1425 esso
740 1369 775 1425 ad
790 1370 864 1425 illuni
874 1370 963 1425 omnia
976 1371 1128 1436 animantia,
1142 1380 1172 1426 iit
1184 1371 1285 1428 uideret
1297 1372 1358 1444 quid
1373 1389 1405 1428 ca

610 1468 730 1525 uacaret,
743 1461 823 1516 eicis
835 1461 942 1515 nomina
957 1461 1115 1532 imponeret.
1128 1463 1166 1517 Er
1177 1462 1228 1519 lioc
1239 1464 1310 1519 enim
1323 1479 1405 1537 appa·

610 1557 653 1607 ret
672 1550 731 1623 ipsa
751 1550 856 1606 ratioiae
874 1549 1008 1606 bominem
1030 1552 1167 1608 moliorem
1186 1567 1343 1624 essequam
1357 1570 1405 1625 pe-

611 1658 693 1711 aora,
709 1643 783 1715 quod
799 1626 963 1715 distinguere
976 1654 1002 1700 ei
1016 1646 1172 1701 nominatim
1187 1660 1218 1701 ea
1233 1646 1403 1716 discerncre,

610 1735 718 1791 nonnisi
738 1736 809 1790 ratio
831 1743 934 1806 potest,
949 1751 1009 1807 qiua
1026 1735 1060 1791 dc
1079 1737 1143 1806 ipsis
1155 1737 1265 1806 iudicat.
1278 1736 1331 1794 Sed
1346 1738 1405 1795 bne

610 1826 694 1883 lucilia
708 1827 779 1881 ratio
791 1835 849 1893 esi;
862 1826 915 1883 cito
928 1828 999 1883 enim
1010 1826 1091 1883 bomo
1100 1828 1403 1899 intelllgiiscmcliorem

609 1930 668 1972 esse
680 1916 846 1989 peeorilms:
861 1917 961 1974 illaesi
978 1916 1093 1974 dilllcilis
1105 1920 1188 1982 ratio.
1210 1933 1262 1990 qua
1284 1920 1405 1991 inteiligit

610 2006 634 2067 ‘m
647 2009 739 2080 seipsa
752 2007 901 2065 aliudesse
914 2007 1044 2065 rationale
1060 2009 1130 2082 qood
1143 2009 1232 2081 regit,
1255 2009 1325 2065 aliud
1344 2010 1403 2065 ani·

608 2100 675 2156 male
687 2099 759 2170 quod
772 2099 884 2170 regitur.

651 2189 766 2246 CAPUT
786 2189 846 2246 xii.
858 2213 895 2232 ε-
908 2190 999 2262 Sopita
1017 2191 1081 2246 Ado
1093 2193 1184 2265 juncta
1204 2193 1269 2248 an.
1291 2192 1360 2261 Quid

942 2283 989 2339 tibi
1000 2284 1069 2339 aelii.

642 2371 677 2427 itt
688 2372 817 2442 quoniam
829 2371 887 2429 hacc
899 2374 1045 2430 secretiore
1059 2375 1189 2445 sapientia
1202 2376 1293 2445 riilot,
1317 2377 1402 2449 ipsam

607 2461 737 2519 visionem
746 2471 880 2520 secretam
891 2464 998 2520 nominc
1008 2465 1112 2535 soporis
1122 2466 1264 2536 sigiiillcari
1275 2469 1401 2540 arbitror,

607 2566 683 2623 quem
698 2551 812 2608 immisit
824 2552 895 2609 lleus
909 2552 935 2607 in
948 2551 1050 2622 Adam,
1067 2554 1174 2625 quando
1185 2556 1210 2612 ei
1222 2556 1321 2613 mulier
1332 2557 1402 2615 lacta

607 2649 656 2698 est
670 2639 706 2698 iii
718 2642 791 2698 enim
806 2640 859 2697 line
873 2642 1010 2710 rideatur,
1033 2658 1086 2700 non
1107 2654 1149 2700 est
1165 2660 1234 2716 opus
1247 2648 1332 2704 oculis
1345 2648 1403 2705 istis

608 2731 759 2802 corporeis·
772 2731 821 2787 sed
835 2741 935 2802 quanio
949 2732 1062 2804 quisque
1076 2733 1181 2791 abistis
1193 2735 1342 2794 visibilibus
1356 2754 1402 2795 re·

607 2824 691 2882 busin
702 2825 829 2881 interiora
843 2825 1020 2897 intelligentias
1033 2828 1174 2884 secesserit
1187 2828 1250 2897 (boa
1260 2838 1303 2889 εει
1311 2840 1400 2886 autem

606 2915 680 2988 qnasi
695 2914 918 2987 obdormiscere),
943 2924 1016 2971 tanto
1037 2917 1133 2972 molius
1148 2926 1175 2973 ei
1193 2917 1324 2974 sincerius
1337 2919 1401 2975 illud

606 3006 687 3063 ridet
709 3007 769 3078 lpsa
789 3007 862 3063 euim
881 3007 1011 3078 cognitio,
1035 3023 1086 3078 qua
1107 3008 1263 3081 intelligitur
1277 3008 1304 3065 in
1324 3012 1402 3067 nobis

606 3096 678 3154 sttui
691 3096 837 3168 essequod
851 3097 954 3152 ratione
963 3096 1126 3161 dominetur,
1140 3098 1210 3154 aliud
1223 3099 1293 3170 quad
1305 3101 1400 3156 rationi

606 3188 791 3260 obicinpcrct3
806 3189 862 3260 ipra
873 3204 936 3261 erga
946 3190 1061 3261 cognitio
1074 3190 1154 3245 reluii
1168 3190 1402 3249 ebcciiamulioris

607 3285 648 3335 est
660 3278 696 3336 de
708 3289 784 3335 cosia
795 3279 866 3346 riri,
886 3289 994 3351 propter
1010 3280 1226 3351 conjunctionem
1247 3283 1402 3355 signillcan·

607 3367 678 3425 dam.
693 3369 806 3436 llciiide,
826 3377 855 3424 ut
872 3371 984 3442 quisque
997 3369 1058 3426 liuic
1072 3386 1128 3427 suaa
1144 3373 1211 3444 parii
1227 3383 1300 3431 recte
1313 3374 1402 3431 domi·

607 3467 695 3529 iretur,
710 3469 738 3517 ci
754 3459 800 3515 llai
820 3461 896 3533 quasi
916 3461 1061 3532 conjugalis
1073 3463 1099 3517 in
1111 3464 1215 3534 seipso,
1230 3472 1259 3519 ot
1273 3480 1335 3521 caro
1348 3482 1402 3526 noir

606 3552 779 3623 concupiscit
794 3551 922 3607 aduersus
942 3552 1076 3623 spiritum,
1093 3554 1140 3610 sed
1155 3555 1258 3625 spiritui
1274 3556 1400 3630 subjuge-

607 3653 664 3709 tor,
687 3643 713 3699 id
733 3652 776 3699 est
795 3643 1010 3713 concupiscentia
1031 3645 1146 3701 carnalis
1170 3662 1222 3702 non
1243 3647 1402 3705 adversetur

606 3734 715 3801 rationi,
730 3733 779 3791 sed
791 3735 881 3808 potius
893 3734 1102 3806 obtemperando
1114 3736 1219 3793 desinat
1232 3754 1292 3795 esse
1304 3755 1399 3797 carna-

607 3825 650 3893 iit,
663 3839 733 3898 opus
745 3824 827 3881 babcl
841 3824 957 3897 perlaeta
974 3826 1113 3896 sapientia.
1122 3827 1203 3897 Cujus
1213 3832 1401 3902 contemplatio

607 3917 666 3990 quia
681 3916 796 3973 interior
808 3925 849 3972 εει
863 3924 890 3970 ει
901 3917 1046 3985 secretior,
1061 3926 1087 3973 ei
1101 3917 1135 3972 ab
1149 3917 1220 3974 omni
1242 3935 1321 3976 sensu
1339 3937 1401 3978 cor·

607 4010 679 4082 poris
691 4007 890 4075 remotissima,
915 4009 1105 4064 convenienter
1125 4010 1204 4064 eiiam
1227 4011 1276 4066 isia
1297 4012 1401 4082 soporis

608 4093 716 4149 nomine
731 4092 844 4161 liiteiligi
861 4098 957 4161 potest.
972 4091 1047 4146 Tunc
1060 4092 1133 4147 enim
1147 4092 1342 4150 ordinatissimo
1353 4110 1401 4151 ca-

607 4194 654 4256 pot
665 4183 789 4239 mulieris
800 4181 843 4238 uir
854 4191 975 4249 est,cum
986 4191 1064 4252 rapui
1074 4182 1124 4237 uiri
1139 4192 1180 4238 esi
1192 4182 1220 4239 c?
1232 4184 1322 4251 rietus,
1333 4186 1378 4257 qui
1391 4188 1398 4219 ¹

609 4271 745 4343 Sapientia
760 4281 802 4328 est
816 4272 874 4329 bei.

643 4365 688 4422 ii.
707 4363 779 4420 Sane
793 4361 821 4417 in
836 4362 923 4417 lacum
939 4362 1009 4418 illius
1022 4370 1104 4418 casim
1113 4378 1220 4420 carnem
1234 4364 1398 4436 adimplevit,

607 4463 637 4512 1
653 4454 707 4512 liae
726 4453 838 4510 nomine
850 4453 1030 4509 insinuaretur
1042 4452 1192 4510 dilectionis
1208 4455 1328 4525 allectus,
1347 4472 1400 4529 quo

607 4543 693 4616 diligit
705 4542 891 4615 unusquisque
901 4542 1016 4597 animam
1030 4557 1115 4608 suam,
1130 4552 1157 4599 ει
1170 4559 1222 4600 non
1232 4553 1272 4601 esi
1281 4545 1364 4602 durus
1373 4557 1401 4602 ut

608 4649 665 4692 eam
678 4643 853 4702 contemnam
866 4633 937 4706 qood
953 4632 1038 4705 diligit
1046 4635 1158 4705 quisque
1167 4635 1209 4690 cui
1223 4646 1328 4706 praeest.
1341 4637 1399 4693 llon

1270 807 1372 864 tibull
1389 808 1579 870 SECUNDUS.

2195 831 2250 890 200

1460 923 1516 981 sire
1528 925 1580 982 boc
1594 928 1673 984 modo
1691 945 1745 1002 qua
1760 935 1874 994 tenuitas
1888 944 1977 995 nostra
1991 950 2112 1012 canatur,
2126 941 2183 1003 slve
2196 949 2250 1003 ali·

1374 1034 1378 1042 =
1458 1029 1512 1084 qua
1526 1016 1578 1071 alio
1591 1019 1712 1084 meliore,
1725 1025 1869 1083 seeundum
1883 1044 1974 1087 sanam
1987 1040 2075 1090 tamm
2090 1035 2169 1092 iidem
2184 1048 2245 1094 suirt

1459 1104 1655 1175 interpretanda
1671 1119 1697 1167 et
1710 1111 1889 1186 intelligenda.

1494 1212 1607 1273 curbi
1620 1219 1689 1276 xiil.
1702 1252 1738 1263 ⁴·-
1747 1223 1888 1295 Spiriiiiale
1901 1232 2047 1305 conjugium
2058 1237 2084 1290 in
2098 1238 2209 1296 bomine.

1496 1329 1539 1384 ld.
1561 1330 1671 1388 locavit
1684 1349 1749 1406 ergo
1759 1339 1896 1397 mulierem
1906 1358 1981 1399 suain
1996 1348 2046 1415 uir,
2061 1358 2183 1421 iainquam
2196 1369 2246 1424 po·

1459 1419 1511 1474 tior
1525 1419 1688 1491 inferiorem,
1703 1435 1730 1481 ει
1742 1427 1828 1484 dixit:
1842 1429 1898 1485 Hac
1910 1449 1977 1487 ruric
1986 1451 2014 1490 aa
2026 1436 2058 1491 ile
2069 1441 2164 1496 assibus
2173 1446 2245 1508 ειειε,

1458 1516 1482 1561 ει
1496 1525 1555 1565 cara
1567 1512 1599 1567 de
1617 1528 1693 1571 carna
1706 1532 1771 1571 meo.
1789 1517 1824 1573 Oa
1838 1520 1870 1574 de
1882 1522 1996 1589 ειιίιιιι,
2015 1524 2126 1583 tortasse
2140 1541 2247 1601 propter

1458 1597 1639 1659 fortitudinem
1650 1623 1658 1670 3
1670 1615 1698 1662 et
1706 1609 1806 1664 amada
1814 1626 1899 1677 corne,
1915 1622 2022 1683 propter
2035 1623 2246 1688 temperantiam.

1458 1689 1505 1745 lla
1517 1707 1632 1764 namque
1641 1695 1701 1752 dum
1711 1698 1821 1755 rirtuics
1829 1701 1862 1756 ad
1874 1702 2025 1761 interiorem
2037 1708 2118 1763 animi
2128 1722 2246 1781 pariam,

1457 1796 1537 1850 quam
1554 1783 1694 1853 prudentia
1707 1789 1845 1846 rationalis
1860 1793 1944 1864 ragit,
1958 1794 2088 1851 docentur
2101 1800 2246 1867 periinere.

1457 1871 1532 1940 Quod
1546 1885 1641 1931 auiam
1661 1877 1762 1934 dictum
1781 1889 1833 1947 est,
1854 1880 1918 1937 linc
1929 1884 2058 1940 vocaliter
2068 1888 2169 1953 ειειίεε,
2182 1905 2248 1960 quo-

1457 1964 1526 2018 niam
1539 1966 1570 2020 de
1583 1967 1635 2021 aira
1647 1983 1694 2022 aiio
1713 1980 1813 2042 sumpta
1834 1981 1870 2027 εει
1876 1989 1886 2038 ,·
1909 1973 1960 2028 ista
1978 1975 2053 2047 origo
2071 1978 2196 2046 nominis,
2220 1989 2249 2036 ει

1457 2051 1640 2123 interpretatio
1653 2057 1679 2112 in
1695 2058 1783 2129 lingua
1799 2060 1881 2116 latina
1894 2077 1947 2118 non
1960 2074 2080 2134 apparet.
2096 2066 2164 2135 Quid
2174 2069 2247 2124 onim
2301 2053 2311 2122 Ϊ

1456 2142 1544 2200 simile
1556 2143 1653 2200 babeat
1666 2148 1788 2205 mulieris
1802 2165 1899 2208 nomen
1908 2152 1942 2207 ad
1952 2154 2002 2208 viri
2017 2170 2124 2222 noman,
2141 2171 2193 2213 nan
2204 2159 2248 2214 in·

1455 2236 1570 2291 renitor.
1586 2236 1638 2294 Sed
1658 2239 1684 2294 in
1700 2239 1807 2297 hebraea
1821 2242 1955 2300 locutione
1969 2243 2066 2302 dicitur
2077 2246 2117 2302 sia
2132 2262 2245 2314 sonare.

1455 2326 1530 2396 quasi
1544 2325 1644 2384 dictum
1661 2329 1714 2386 sit:
1731 2330 1794 2388 llice
1805 2332 1943 2389 vocabitur
1961 2335 2060 2405 virago,
2074 2337 2199 2408 quioniam
2211 2338 2247 2394 ila

1455 2414 1513 2471 niro
1533 2431 1583 2472 suo
1605 2429 1710 2490 sumpta
1731 2429 1782 2476 est.
1806 2421 1872 2477 Nam
1890 2421 1982 2494 virago
2002 2424 2041 2479 iel
2062 2427 2137 2497 uirgo
2158 2429 2245 2497 podiis

1455 2506 1537 2565 habet
1554 2511 1668 2581 aliquam
1689 2512 1888 2570 similitudinem
1903 2530 1964 2572 cum
1981 2517 2030 2572 riri
2044 2519 2169 2585 iiomlne;
2184 2536 2246 2576 uiu-

1454 2598 1504 2654 liar
1516 2609 1605 2655 autem
1617 2602 1762 2660 nonhabet
1774 2621 1781 2659 a
1796 2603 1843 2660 aad
1856 2603 1917 2674 boc,
1927 2613 1958 2661 ut
1970 2605 2036 2675 diri,
2050 2607 2145 2679 lingum
2158 2609 2246 2665 dinen

1455 2688 1520 2745 sitas
1535 2689 1608 2747 lacit.

1491 2781 1535 2837 lu.
1551 2780 1723 2849 Quodauiem
1734 2785 1913 2854 adiliiumesi,
1923 2785 2055 2860 llelinqmi
2067 2790 2141 2846 banio
2148 2800 2246 2862 patrem

1454 2880 1479 2924 et
1491 2881 1607 2941 matrerm,
1630 2882 1654 2927 et
1673 2874 1810 2931 adboereoii
1831 2879 1906 2932 uaari
1924 2895 1996 2947 sacr
2019 2890 2043 2935 et
2060 2892 2132 2936 erunt
2150 2881 2201 2937 daia
2219 2886 2244 2937 ιί

1453 2977 1530 3017 corne
1543 2978 1604 3030 urio,
1621 2965 1756 3036 quomodo
1768 2967 1899 3024 referatur
1910 2969 1943 3024 ad
1957 2970 2095 3026 bisioriant
2108 2987 2161 3028 non
2172 2974 2233 3031 inre
2307 3027 2314 3040 ,

1454 3052 1509 3117 irio,
1524 3054 1574 3110 uisi
1587 3055 1657 3125 quad
1670 3056 1828 3128 plerumque
1843 3058 1870 3114 in
1885 3074 1983 3129 genere
1997 3060 2113 3117 bumana
2123 3062 2172 3117 isia
2181 3078 2230 3125 coe

1454 3141 1576 3213 tingiint;
1589 3144 1636 3199 scd
1651 3153 1704 3200 tota
1717 3147 1855 3217 propbeiia
1868 3159 1924 3214 est,
1938 3150 2014 3219 cuijus
2028 3152 2172 3222 Apostolus
2186 3169 2230 3209 nio

1454 3233 1549 3297 niinit,
1566 3234 1658 3290 dicens
1676 3253 1683 3288 :
1705 3235 1814 3308 Propter
1828 3239 1876 3292 liac
1890 3241 2010 3309 relinquet
2024 3243 2099 3298 Ιεειιε
2113 3252 2243 3313 patrentur

1454 3334 1576 3391 mairem,
1589 3335 1614 3380 et
1627 3327 1764 3383 odlraerclli
1778 3330 1851 3383 osori
1863 3346 1931 3394 sitim
1946 3341 1969 3385 ei
1981 3343 2054 3386 erum
2067 3333 2117 3388 duo
2129 3336 2156 3389 iii
2170 3351 2247 3391 carue

1454 3431 1514 3470 urio.
1529 3415 1724 3473 Sacramentum
1737 3420 1784 3474 lioc
1797 3437 1916 3492 mugitum
1926 3435 1962 3477 ειι
1974 3439 1983 3477 .·
1996 3441 2041 3494 ega
2051 3436 2138 3480 autem
2150 3427 2208 3481 dico
2217 3428 2245 3481 ιἰι

1454 3502 1554 3560 Claritia
1566 3516 1589 3561 et
1603 3507 1629 3561 iri
1644 3506 1757 3564 Ecclesia
1772 3507 1880 3581 (Epiri.
1897 3528 1922 3577 ii,
1938 3513 1983 3577 bl,
1997 3514 2055 3585 32).
2071 3514 2149 3582 Quod
2161 3515 2245 3572 bani-

1454 3595 1520 3650 ebaei
1532 3597 1555 3651 si
1569 3612 1621 3651 non
1637 3599 1701 3653 emal
1714 3599 1841 3671 legerant,
1853 3601 1897 3671 qui
1911 3617 1959 3672 per
1973 3602 2106 3673 Epistulas
2119 3606 2247 3677 apastoli·

1454 3699 1500 3740 cas
1509 3686 1607 3742 multos
1619 3688 1763 3759 decipiunt,
1781 3690 1958 3761 intelligerem
1968 3695 2102 3763 quomado
2115 3696 2247 3767 aecipien-

1453 3774 1496 3830 dm
1513 3777 1567 3831 sint
1583 3777 1687 3833 Veteris
1703 3779 1866 3837 Testamenti
1885 3780 2040 3853 Scripturas,
2063 3800 2114 3842 nea
2129 3794 2182 3842 tam
2201 3802 2246 3843 sa·

1454 3868 1552 3937 crilega
1573 3883 1638 3924 εεεε
1650 3869 1779 3926 auderent
1796 3885 1923 3928 accusare
1936 3874 2005 3942 quod
2020 3876 2151 3933 nesciunt.
2167 3873 2244 3948 oum

1453 3966 1542 4012 autem
1557 3957 1620 4013 rmtli
1632 3969 1709 4015 erant
1721 3959 1805 4016 bdam
1823 3969 1852 4016 ει
1865 3961 1961 4018 muller
1973 3963 2046 4033 ejus,
2063 3973 2092 4021 et
2105 3980 2157 4021 non
2176 3983 2244 4024 can·

1453 4046 1648 4116 tundebanim,
1665 4050 1862 4121 simplicitatem
1875 4052 1972 4108 animae
1989 4055 2193 4127 castitatemque
2204 4060 2244 4114 si·

1452 4141 1571 4211 gnificat.
1590 4141 1656 4197 Nam
1669 4151 1697 4197 ct
1711 4141 1852 4214 Apostolus
1865 4143 1901 4199 ita
1915 4144 1979 4200 dicii
1997 4163 2004 4200 :
2025 4145 2116 4219 Aptari
2135 4165 2179 4204 εει
2198 4164 2244 4206 uni

1453 4233 1506 4286 cira
1517 4232 1638 4304 airqinem
1656 4244 1753 4288 costam
1763 4234 1880 4290 mutina
1893 4233 2014 4290 desia:
2029 4235 2104 4292 timeo
2116 4248 2199 4293 εειεεε
2213 4257 2257 4336 ιιεΙ

1452 4323 1516 4377 aiem
1528 4340 1631 4394 serpens
1645 4323 1724 4378 Eram
1735 4323 1826 4394 sepeliit
1839 4325 1948 4379 maistin
1958 4341 2015 4391 mo,
2030 4326 2067 4380 iiii
2076 4343 2258 4399 corrumpari-¹

1452 4423 1494 4470 tur
1507 4426 1602 4471 menica
1620 4427 1708 4471 ucsiroe
1722 4433 1738 4469 o
1754 4415 1914 4485 simplicitate
1924 4424 1948 4470 ct
1959 4417 2087 4483 castitate,
2100 4432 2158 4489 quir
2168 4427 2204 4474 εει
2218 4421 2238 4474 it

1453 4507 1553 4563 Clarirta
1567 4508 1600 4582 (ii
1614 4507 1673 4563 Car.
1687 4523 1726 4575 xi,
1741 4507 1769 4572 2,
1783 4508 1823 4578 ὅ).

1481 4621 1595 4679 canor
1616 4622 1685 4677 itii.
1698 4652 1734 4664 -
1747 4621 1857 4693 serpen
1871 4622 2003 4690 arimin,
2026 4623 2080 4678 un
2095 4623 2212 4692 apaan.
2249 4595 2269 4637 '²

607 4728 677 4784 einim
699 4727 740 4784 sie
758 4725 895 4782 nominata
918 4732 960 4781 est
979 4739 1043 4782 aera
1063 4724 1115 4780 Ιειε
1135 4725 1204 4792 Ιεεε,
1222 4729 1399 4783 utramalem
1487 4733 1534 4787 20.
1555 4732 1672 4803 Serpens
1694 4741 1782 4787 aiiiem
1803 4731 1934 4803 signillmt
1951 4730 2104 4800 diabolum,
2119 4735 2242 4804 quisane
2284 4791 2287 4796 ,

607 4818 852 4891 concupiscendam
865 4817 1013 4888 significem
1028 4817 1076 4874 sed
1089 4818 1139 4873 ista
1153 4817 1233 4874 modo
1247 4820 1335 4889 potius
1347 4837 1400 4891 quo
1453 4837 1506 4876 non
1515 4831 1573 4877 erat
1583 4822 1705 4893 simplos.
1719 4821 1794 4887 Qiiod
1809 4821 1880 4876 enim
1890 4818 1988 4877 dicitur
1998 4820 2144 4892 sapientior
2155 4824 2243 4880 omni·

607 4911 737 4985 propbeta
759 4909 825 4967 dicit
846 4909 945 4966 aulerri
966 4911 1066 4982 populo
1082 4924 1130 4965 eor
1142 4909 1286 4981 lapideum,
1302 4920 1329 4967 ει
1342 4911 1400 4968 dari
1452 4913 1502 4968 bus
1515 4913 1617 4977 bestiis,
1633 4915 1743 4983 llgiiraie
1753 4911 1902 4966 insinnatur
1912 4910 1970 4981 ejus
1985 4911 2112 4967 versutia.
2124 4911 2242 4968 Nonau-

607 5018 654 5060 oar
671 5015 802 5059 cannam
823 4998 927 5074 (Erech.
943 5016 989 5067 xi,
1006 4999 1062 5071 lb).
1078 5000 1134 5055 ΙΙεε
1159 5000 1240 5056 modo
1251 5002 1323 5059 enim
1336 5002 1400 5057 dicit
1454 5003 1619 5059 ienidicium
1639 5000 1767 5072 estquod
1789 5001 1815 5055 in
1837 5000 1960 5071 paradiso
1979 5010 2035 5056 crat
2054 5002 2242 5071 serpens,sed
2299 5087 2302 5092 Ι

608 5094 687 5152 ctiam
705 5092 850 5165 Apostolos
861 5090 944 5146 :llan
956 5092 984 5146 ln
996 5089 1089 5146 tabulis
1103 5090 1218 5159 lapideis,
1234 5091 1280 5146 aed
1289 5093 1315 5146 is
1326 5093 1399 5147 talii-
1453 5106 1511 5151 erat
1523 5109 1634 5165 serpens
1650 5093 1718 5148 inter
1732 5092 1832 5148 bestias
1845 5107 1910 5162 quas
1929 5091 1990 5147 lecit
2007 5092 2086 5147 bens.
2100 5091 2244 5149 Paradisue

610 5185 640 5244 ιε
657 5185 744 5243 cardia
756 5183 901 5240 carnalibus
917 5182 950 5256 (ll
968 5181 1027 5239 Car.
1041 5198 1088 5244 iri,
1104 5182 1144 5250 5).
1160 5181 1238 5237 iliud
1250 5191 1291 5238 εει
1303 5185 1401 5254 quippe
1453 5201 1568 5257 nmnque
1591 5185 1695 5241 beatam
1717 5185 1817 5252 uliam,
1833 5193 1862 5239 ut
1874 5182 1998 5254 superius
2015 5181 2089 5251 diri,
2112 5182 2243 5284 signillcat

609 5278 713 5350 propria
734 5276 851 5342 locutio,
873 5274 943 5329 aliud
967 5273 1088 5345 bgnrata,
1105 5272 1190 5343 qualis
1203 5272 1253 5327 isia
1265 5281 1307 5329 est
1320 5288 1399 5344 quum
1454 5277 1563 5356 (Supra,
1578 5291 1636 5347 cap.
1651 5273 1701 5343 9),
1721 5275 1749 5329 in
1762 5289 1812 5345 qua
1823 5273 1879 5343 jani
1893 5287 1947 5329 nan
1961 5281 2019 5328 crat
2038 5285 2166 5344 serpens,
2181 5288 2243 5343 quia

609 5377 753 5427 tractamus
766 5367 855 5425 modo.
876 5367 1103 5438 Qiiaprapicreisi
1118 5365 1229 5422 risibilis
1246 5366 1341 5424 lamina
1355 5382 1399 5424 εε-
1450 5369 1507 5440 jani
1520 5367 1641 5424 diabolus
1660 5376 1734 5431 erat;
1759 5374 1786 5421 ei
1802 5366 1836 5421 da
1854 5380 1902 5421 sua
1914 5363 2079 5422 beatitudine
2096 5363 2242 5433 εεεὶιιειιι,

609 5455 727 5516 ειιιιιιιιε
748 5456 888 5515 bistorlaiu
905 5455 941 5513 da
961 5470 1074 5527 corpore
1093 5455 1143 5511 riri
1157 5456 1244 5527 primo
1256 5455 1323 5513 lacta
1333 5470 1399 5513 esta
1453 5454 2049 5531 qoiainreriiatenonstetii.llacmirandum
2060 5456 2244 5527 astquomodo

609 5549 724 5607 bannitio
737 5548 804 5616 beo,
816 5561 870 5603 non
884 5543 976 5619 utique
988 5546 1046 5602 sine
1058 5560 1138 5601 causa
1153 5545 1190 5600 ita
1204 5544 1271 5601 lacta
1283 5554 1335 5615 est,
1349 5546 1400 5603 nisi
1455 5550 1557 5609 mulieri
1577 5549 1650 5621 loqui
1662 5548 1791 5620 potuerit,
1810 5560 1871 5603 cirin
1886 5543 1931 5601 llla
1943 5553 2014 5613 esset
2025 5544 2052 5601 in
2067 5545 2202 5617 paradiso,
2216 5553 2245 5599 ει

610 5639 758 5714 etallquod
770 5646 904 5697 εεειειειιι
922 5637 1068 5694 intimaret.
1082 5634 1150 5692 llum
1164 5637 1235 5693 enlm
1255 5646 1300 5692 aut
1322 5639 1401 5694 limus
1453 5641 1500 5698 illo
1518 5655 1571 5697 nnn
1583 5647 1674 5706 essat;
1695 5652 1749 5693 non
1768 5636 1840 5693 enirn
1860 5641 1907 5690 aut
1927 5634 1971 5689 illa
1988 5634 2134 5691 seeundum
2155 5634 2242 5736 lacum

610 5730 877 5792 deulturrdelemina
888 5727 1065 5790 formaretur?
1075 5737 1131 5795 aui,
1142 5729 1164 5783 si
1175 5729 1254 5785 rullei
1263 5729 1400 5795 [lominus.
1454 5742 1513 5790 erat
1525 5733 1552 5788 in
1566 5730 1700 5804 paradiso,
1714 5728 1761 5786 sed
1773 5727 1861 5799 potius
1870 5725 2017 5783 secundum
2028 5724 2197 5783 beatitudinis
2206 5719 2243 5778 al·

610 5823 712 5882 hmini
732 5822 855 5896 vigilanti
875 5829 978 5879 casiam
997 5821 1056 5878 sina
1076 5819 1170 5876 doloro
1188 5818 1329 5877 detrahere
1347 5835 1401 5877 noo
1456 5826 1554 5883 laetum
1567 5843 1575 5881 ι
1589 5833 1636 5881 εει
1647 5823 1750 5881 etiamsi
1765 5821 1841 5878 locus
1854 5829 1897 5878 εει
1908 5820 1970 5876 ialis
1983 5817 2029 5893 qui
2043 5816 2181 5919 paradisus
2195 5828 2244 5869 uo·

611 5915 718 5990 μειιειῖ
734 5913 798 5973 sire
810 5927 877 5984 ergo
895 5913 946 5969 isia
960 5911 1071 5984 llguraie
1087 5910 1158 5968 dicta
1172 5910 1237 5978 sini,
1251 5911 1307 5966 siro
1321 5912 1401 5967 ctiam
1456 5926 1541 5985 cetur,
1554 5917 1581 5971 in
1593 5931 1646 5987 qno
1658 5913 1833 5986 corporaliter
1842 5912 1927 5969 Adam
1937 5921 1964 5967 ei
1975 5906 2243 6010 nrulierliabitabairt,

612 6009 724 6086 figurate
745 6007 817 6065 lacta
837 6007 901 6071 sint,
923 6019 977 6060 noti
997 6002 1097 6059 lmsira
1116 6004 1167 6059 ¹¹⁰⁶
1185 6002 1265 6058 m⁰d⁰
1277 6002 1346 6057 (¹30st
1359 6002 1402 6058 tel
1455 6011 1536 6066 ctiam
1548 6008 1647 6076 diaboli
1661 6020 1797 6062 aceessum
1812 6002 1985 6074 corporaliter
1997 5998 2145 6069 intelligere
2160 5996 2244 6053 deba·

611 6101 680 6161 bete
701 6109 783 6168 aunt:
803 6098 852 6155 sed
873 6105 935 6153 sunt
948 6097 1026 6168 plane
1039 6096 1165 6168 mysteria
1179 6105 1207 6153 ει
1218 6105 1401 6165 sacramenta.
1456 6098 1610 6158 muslllau
1624 6098 1729 6168 utique,
1744 6093 1791 6151 scd
1806 6092 1997 6165 spiritualiter,
2018 6089 2087 6145 sicut
2100 6087 2245 6161 Apostolus

641 6215 652 6252 ¹
664 6213 793 6284 aequm
804 6217 842 6261 tr.
854 6217 914 6261 tea.
925 6216 951 6261 et
960 6214 1015 6261 lor.
1027 6215 1063 6271 ib,
1071 6219 1134 6275 ipiae.
1166 6214 1196 6258 Ι.
1458 6196 1532 6264 dicii,
1547 6192 1690 6251 Secundum
1704 6188 1841 6261 principem
1854 6183 1982 6260 potestatis
1993 6180 2069 6251 εειίι,
2084 6180 2190 6253 tplriltt
2200 6179 2245 6254 gul
