5709 7534
608 827 663 886 aas
1281 824 1380 881 enen
1399 821 1567 882 sereres.
1660 841 1663 846 ·
2179 823 2244 895 nn

607 949 728 1000 naun
741 948 785 998 ssa
798 939 908 1000 suern
920 939 1028 996 mnan.
1042 937 1094 994 aar
1107 937 1196 993 urana
1204 937 1307 1007 nsum
1319 946 1402 994 aaut
1454 936 1567 1020 eaeor
1586 936 1655 995 ιιιιι.
1673 969 1709 980 -
1728 938 1860 997 nonam
1882 949 1942 998 aaa
1962 951 2026 999 aas
2046 923 2243 1017 amaran

607 1034 653 1104 qni
666 1033 807 1089 voluntate
819 1032 909 1088 amuit
922 1029 995 1102 quod
1005 1037 1094 1085 amare
1105 1028 1212 1096 debuit,
1224 1028 1328 1083 amium
1339 1041 1401 1082 enm
1586 1030 1697 1099 potuine
1709 1031 1848 1104 intellipere
1860 1035 1921 1104 qnid
1933 1048 1994 1092 eant
2008 1036 2113 1092 ιιιιιιιιιιι.

610 1125 704 1182 delere
723 1123 796 1196 qnod
815 1123 929 1188 munit,
942 1121 1006 1178 dure
1019 1129 1170 1176 mturarum
1188 1128 1293 1176 ornator
1305 1118 1402 1188 ubique
1491 1117 1537 1174 bi.
1551 1118 1586 1174 Et
1599 1119 1742 1191 quomodo,
1758 1122 1890 1192 anquirunt,
1906 1124 2065 1197 intelligeret
2078 1127 2161 1184 bomo
2172 1129 2245 1200 qne

610 1215 744 1271 laudatur.
759 1212 855 1269 Adbuc
867 1212 937 1268 enim
951 1220 993 1268 est
1004 1211 1102 1266 lenum
1114 1208 1184 1279 quod
1196 1208 1268 1264 dolet
1276 1208 1402 1264 amissum
1455 1210 1482 1266 ei
1491 1209 1627 1267 dicebatur
1636 1212 1734 1284 liguum
1744 1212 1933 1284 dignoscentiae
1943 1215 2042 1273 boniet
2052 1217 2126 1288 mei,
2136 1219 2245 1290 quaudo

611 1303 711 1360 mim
728 1319 735 1356 a
753 1315 817 1358 nam
830 1300 881 1357 nisi
897 1300 1004 1372 aliquod
1018 1299 1115 1355 ὴοιιιιιιι
1131 1298 1302 1354 remansisset
1316 1297 1342 1351 in
1356 1309 1404 1351 ua·
1456 1300 1541 1370 lpum
1555 1303 1654 1356 malem
1669 1301 1733 1374 qnid
1750 1311 1822 1360 esset
1838 1304 1948 1360 orrrnlno
1965 1309 2120 1365 nesciebat?
2130 1310 2188 1368 lloe
2199 1312 2244 1382 qni

610 1402 681 1459 tura,
695 1391 789 1449 nullus
801 1391 865 1448 boni
876 1391 967 1447 amissi
980 1389 1057 1446 dolor
1068 1397 1141 1444 esoet
1153 1388 1179 1444 iu
1193 1401 1280 1458 poena.
1455 1391 1564 1463 sapiunt
1574 1405 1668 1463 parum
1681 1392 1821 1448 sennenn
1836 1395 2060 1466 quemadmodum
2076 1403 2244 1459 neustrasiis

644 1484 692 1540 32.
707 1482 759 1540 Cui
768 1490 859 1539 autem
869 1481 927 1537 sine
937 1479 1000 1535 mali
1010 1479 1193 1550 experimento
1201 1478 1286 1548 plaeet
1293 1476 1402 1542 bonum,
1456 1479 1577 1536 antissio
1590 1481 1716 1552 pleraque
1728 1483 1908 1555 intelligantur
1921 1487 2023 1557 ignota,
2034 1497 2064 1543 nt
2074 1490 2153 1546 stiam
2164 1493 2245 1550 rerlta

611 1574 712 1639 idest,
726 1581 913 1644 uaquuam
931 1571 995 1627 bom
1011 1571 1185 1627 amissionem
1198 1570 1310 1635 sentim,
1325 1567 1405 1639 edant
1449 1584 1546 1626 'rerum
1557 1586 1616 1643 quae
1627 1587 1680 1628 non
1691 1581 1763 1639 sunt,
1777 1587 1838 1630 eam
1849 1575 1876 1629 in
1886 1575 2018 1647 loquendo
2031 1578 2244 1652 interponentur,

612 1673 706 1720 unere
717 1677 754 1720 ue
765 1662 880 1730 aratus,
892 1675 974 1731 super
984 1675 1078 1717 omnes
1089 1660 1210 1715 homines
1222 1657 1405 1728 predicandus
1457 1659 1545 1716 nnllns
1557 1662 1653 1732 caliget
1672 1663 1788 1719 auditor.
1810 1665 1866 1721 lloe
1887 1667 1960 1722 enim
1978 1667 2048 1738 qnod
2069 1671 2182 1728 oarniue
2191 1689 2244 1729 non

612 1762 661 1810 est
675 1751 793 1810 sedlroe
802 1751 855 1808 nisi
865 1749 1001 1820 eujusdam
1014 1749 1155 1820 singularis
1163 1748 1248 1804 laudis
1258 1756 1404 1815 esset,non
1456 1757 1513 1815 est,
1535 1751 1602 1807 nibil
1621 1762 1745 1819 nouatum
1764 1753 1855 1810 etuas
1871 1755 1938 1811 duas
1956 1756 2073 1828 syllabas
2092 1773 2174 1818 nemo
2192 1773 2246 1818 non

613 1843 651 1900 llll
669 1857 757 1915 puero
777 1843 955 1906 tribueretur,
978 1840 1021 1910 qni
1044 1855 1079 1895 ex
1099 1851 1198 1909 penore
1221 1837 1301 1895 lsrael
1322 1836 1406 1892 laetus
1457 1841 1595 1912 intelligit,
1608 1843 1652 1913 qui
1667 1843 1749 1899 latim
1761 1841 1833 1899 audit
1847 1845 2014 1916 esloqnitur.
2027 1845 2245 1916 brueriacum

614 1932 776 1990 limraanuel
791 1932 928 1988 nobiseum
942 1932 1012 1986 berra
1028 1930 1133 2002 (ilnttb
1143 1943 1163 1995 r,
1175 1928 1239 2000 ib),
1252 1928 1406 1985 roeoneilia·
1457 1944 1554 1987 sensns
1566 1931 1683 1988 intuetur
1697 1933 1722 1988 id
1736 1933 1807 2004 qnod
1819 1941 1877 2002 est,
1895 1944 1923 1990 et
1941 1935 2002 2006 ejus
2018 1935 2167 2007 miratione
2183 1937 2247 2008 qnid

614 2022 653 2080 rit
663 2035 714 2080 uos
726 2022 795 2090 beo,
811 2022 946 2078 bominum
960 2030 989 2077 et
1001 2021 1047 2076 liei
1062 2020 1144 2076 bomo
1155 2019 1284 2076 mediator
1299 2019 1325 2092 (l
1337 2019 1405 2075 liis.
1458 2020 1538 2076 οιὶιιιι
1551 2023 1650 2078 nonsit
1661 2024 1799 2094 agnoseit?
1812 2024 1857 2080 Sie
1868 2035 1895 2080 et
1910 2026 1991 2081 inariu
2001 2040 2064 2082 eum
2075 2025 2187 2093 elicitur,
2204 2029 2246 2084 iu·

614 2127 648 2180 rt,
661 2110 708 2184 a),
720 2111 841 2168 Verbum
855 2110 925 2182 apud
941 2111 1041 2178 ὓειιιιι,
1054 2110 1200 2181 earoapud
1219 2124 1268 2166 nos
1283 2108 1371 2182 (toan
1385 2121 1405 2176 t,
1459 2111 1558 2168 tuendo
1574 2113 1695 2182 eorporis
1716 2113 1923 2183 pleniardinem,
1942 2117 2090 2186 pneadoae
2109 2116 2166 2187 eius
2185 2125 2245 2172 tan·

615 2207 642 2271 i,
655 2204 711 2277 ll),
725 2204 844 2262 Verbum
856 2219 918 2259 earo
930 2203 999 2259 luter
1009 2203 1091 2259 [ιειιιιι
1101 2211 1130 2258 et
1139 2216 1198 2258 nos.
1208 2202 1246 2258 be
1255 2201 1301 2257 illo
1310 2202 1407 2273 quippe
1458 2216 1539 2272 quam
1546 2201 1689 2268 contraria,
1702 2202 1765 2272 qnid
1776 2202 1880 2258 dicatur
1889 2205 1970 2260 irraue
1982 2193 2168 2276 intelligimine
2179 2206 2248 2262 sient

615 2295 744 2366 propbeta
757 2293 840 2360 dieit,
855 2293 1010 2364 inaquosa
1027 2293 1090 2348 aaut
1107 2309 1168 2358 puer
1181 2291 1274 2348 όοιιιιιιι
1288 2300 1332 2345 ost
1350 2305 1407 2345 mo·
1457 2293 1583 2350 audiendi
1598 2307 1680 2349 mrsu
1698 2306 1753 2348 nou
1769 2293 1856 2349 solum
1871 2292 1905 2350 de
1923 2294 2041 2363 vocibus,
2060 2310 2154 2352 rernm
2165 2295 2247 2352 etiam

616 2384 1012 2450 innumerosissimae
1024 2383 1101 2454 eliqua
1113 2381 1205 2437 bonum
1217 2379 1293 2455 (leui.
1302 2396 1347 2447 mr,
1360 2380 1405 2447 li,
1458 2383 1492 2440 de
1505 2384 1610 2440 sllennio
1621 2383 1771 2453 iudicamus
1784 2401 1791 2440 :
1805 2385 1845 2439 sie
1855 2398 1888 2439 es
1903 2384 1956 2440 rita
1968 2400 2028 2455 quas
2039 2385 2127 2441 inerat
2135 2385 2246 2454 bomini,

615 2491 667 2533 aas.
679 2475 775 2549 tu).
790 2475 929 2544 uomodo
942 2473 1012 2545 qnod
1027 2480 1126 2540 neren,
1143 2479 1189 2528 aot
1200 2471 1347 2529 mutauit
1361 2479 1408 2527 aut
1459 2475 1612 2546 possetejus
1624 2489 1720 2531 enuere
1727 2475 2063 2542 eontmrium,idest,ritae
2072 2479 2246 2553 privatiorem

616 2566 707 2638 elisit,
723 2565 850 2635 nisiquia
864 2564 989 2622 ameno
1005 2564 1125 2621 eduntur
1137 2564 1214 2620 aliter
1228 2578 1276 2633 per
1289 2562 1406 2633 proden-
1458 2580 1519 2634 quae
1538 2579 1611 2620 mors
1629 2573 1754 2631 roeatur;
1774 2573 1802 2621 et
1820 2565 1905 2634 ipsam
1925 2581 2032 2621 eetuam
2053 2580 2105 2637 qua
2123 2567 2248 2637 perderet

616 2655 679 2712 tiam
692 2655 766 2721 beai,
779 2655 857 2711 aliter
870 2670 917 2726 per
930 2654 1120 2725 mpuientiam
1133 2654 1215 2710 nulii
1231 2653 1282 2710 Per
1292 2653 1407 2724 pruden-
1458 2654 1530 2725 quod
1537 2655 1653 2722 amabat,
1669 2653 1747 2711 idest
1758 2653 1893 2725 quodlibet
1905 2654 2002 2712 laetum
2015 2672 2092 2712 suum
2104 2673 2159 2728 quo
2168 2657 2247 2715 lieret

616 2743 679 2800 t'um
697 2743 765 2800 boni
779 2744 879 2800 malum
897 2744 999 2809 scitur,
1018 2743 1067 2800 etsi
1082 2758 1135 2799 ιιοιι
1149 2742 1272 2799 sentitur.
1291 2743 1408 2799 Tenum
1459 2752 1489 2799 nt
1500 2745 1635 2800 amitteret
1647 2743 1746 2811 ritum,
1763 2744 1924 2815 quibuslibet
1937 2745 2047 2816 syllable
2059 2745 2246 2816 appellaretur,

603 2831 686 2888 enim
697 2831 808 2901 Ιιοιιιιιιι,
820 2848 855 2888 ne
864 2832 1008 2889 amissione
1017 2830 1075 2903 ejus
1084 2831 1212 2889 narbon
1221 2833 1330 2888 malum.
1342 2833 1406 2888 item
1458 2835 1681 2905 quemadmodum
1694 2836 1775 2891 latins
1785 2850 1847 2914 enm
1864 2835 1962 2891 duitor
1978 2846 2116 2906 mrum
2133 2837 2176 2895 nel
2188 2853 2247 2892 ura·

616 2933 664 2992 per
676 2922 872 2992 experientiam
888 2923 951 2978 mali
971 2923 1054 2979 seiten
1067 2922 1182 2989 bonum;
1205 2923 1331 2994 quoniam
1344 2923 1407 2994 quid
1459 2924 1533 2990 lura,
1547 2934 1670 2995 nsquam
1683 2925 1788 2996 signum
1801 2925 1861 2996 ejus
1873 2924 2052 2996 intelligeret,
2071 2927 2141 2998 quod
2158 2940 2249 2986 mente
2306 2975 2319 2994 ,

617 3015 748 3084 musali,
757 3016 852 3084 sentit,
861 3013 904 3073 eui
914 3016 947 3072 de
957 3017 1028 3074 bono
1037 3017 1135 3073 amisso
1144 3017 1213 3073 male
1223 3018 1310 3074 tuerit.
1318 3017 1408 3074 Prius·
1458 3013 1633 3070 discerneres.
1655 3013 1712 3069 iios
1732 3014 1804 3069 enim
1824 3013 1959 3084 quomodo
1977 3013 2164 3085 intelligemus,
2186 3032 2247 3072 earn

616 3117 694 3176 qum
708 3105 792 3162 scinu
806 3120 871 3176 erpo
887 3120 952 3177 puer
967 3120 1015 3176 per
1030 3106 1237 3176 experientiam,
1249 3115 1296 3162 aut
1309 3105 1406 3163 bonum
1458 3101 1556 3158 dieitur
1569 3104 1747 3170 msurreetio,
1766 3115 1845 3173 qnam
1865 3117 2000 3173 nunqnam
2018 3105 2248 3173 expenderunt

616 3209 668 3268 qm
679 3205 797 3264 fimet,
809 3205 856 3252 gut
865 3198 963 3254 mlum
972 3196 1044 3268 quod
1055 3197 1119 3254 honi
1131 3198 1275 3256 amissione
1285 3193 1406 3268 semp-ep,
1457 3189 1552 3246 Nonne
1563 3191 1623 3261 quia
1638 3190 1768 3246 subtitulate
1779 3189 1843 3260 quid
1854 3190 1889 3245 Sil
1901 3190 2007 3257 Videre,
2025 3199 2052 3246 (il
2064 3192 2124 3263 ejllb
2137 3194 2176 3248 t'el
2191 3195 2247 3263 pli·
2266 3197 2276 3208 ’

616 3287 778 3358 contempsit
799 3287 898 3344 malum
919 3296 949 3344 ut
967 3271 1077 3359 eligeret
1086 3288 1202 3356 meum,
1217 3288 1243 3344 id
1256 3299 1308 3356 eat,
1323 3291 1408 3346 norun
1457 3278 1589 3335 aulonem
1606 3292 1731 3334 sommus
1745 3285 1869 3345 mortem,
1884 3277 1955 3334 undu
1971 3279 2247 3353 rediurnaadidquod

617 3377 739 3434 maiam
753 3375 825 3450 quod
839 3376 972 3445 habebat,
991 3392 1026 3433 m
1045 3378 1157 3434 sentinet
1174 3377 1320 3434 amittendo
1337 3379 1407 3450 qued
1458 3369 1599 3438 sentimus,
1612 3369 1834 3425 resurrectionem
1848 3370 2029 3441 appellamus?
2049 3381 2076 3427 et
2094 3374 2116 3427 si
2130 3386 2183 3444 qno
2195 3374 2247 3428 alio

616 3463 739 3522 amittere
753 3479 807 3520 non
826 3464 950 3522 debebat.
964 3464 1104 3538 singulare
1116 3466 1266 3537 exemplum
1278 3467 1407 3524 obedieu-
1458 3461 1566 3515 nomine
1588 3460 1618 3514 in
1642 3473 1808 3530 quacumque
1832 3459 1920 3530 linqua
1948 3461 2061 3532 idipsum
2082 3463 2246 3533 appellatur,

618 3555 677 3622 tiae,
691 3556 792 3628 quippe
806 3556 918 3626 quinon
936 3555 1009 3612 verrit
1029 3554 1118 3612 faeere
1136 3556 1299 3612 voluntatem
1319 3572 1405 3626 snam,
1457 3550 1541 3606 murti
1556 3550 1647 3621 utique
1667 3549 1771 3620 signnm
1791 3549 1939 3607 insinuatur
1955 3552 1981 3606 iu
1994 3567 2060 3608 roee
2071 3553 2246 3623 loquentium,

617 3643 662 3700 ted
676 3645 736 3712 eiua
751 3643 913 3700 voluntalem
927 3661 943 3700 a
957 3659 1010 3716 quo
1023 3646 1119 3702 missus
1133 3654 1175 3702 est
1190 3644 1279 3720 (loun.
1290 3662 1328 3716 m,
1341 3648 1405 3719 58):
1457 3655 1512 3710 (1¹¹⁰
1519 3648 1633 3696 meante
1644 3649 1770 3709 mim
1781 3639 1852 3710 sibod
1863 3639 1943 3696 ellim
1954 3640 2012 3697 illle
2022 3642 2247 3714 nanocoqienn.

606 3735 751 3796 ¹nonsient
766 3736 810 3792 ille
822 3737 867 3809 qui
880 3737 961 3808 elegit
973 3735 1062 3793 lacere
1073 3736 1235 3793 uoluntatem
1247 3752 1339 3806 suam,
1353 3755 1407 3796 non
1458 3728 1554 3786 illium
1573 3739 1614 3784 0⁸²
1636 3728 1707 3784 mm
1730 3727 1955 3799 bmsdfflssdllffl
1976 3745 2066 3786 mrum
2083 3745 2150 3802 (tuus
2167 3733 2248 3790 britti

617 3824 675 3896 ejus
686 3840 704 3882 a
717 3841 771 3896 quo
786 3826 871 3882 laetus
884 3835 934 3882 est.
955 3826 1049 3882 llerito
1068 3826 1137 3882 sieut
1156 3842 1203 3897 per
1220 3828 1299 3884 unies
1317 3830 1408 3886 inobe-
1458 3819 1647 3885 ”fflsssims
1665 3818 1746 3874 etiam
1766 3817 1931 3888 iimiilliffl
1952 3830 2046 3875 ”illm
2059 3819 2168 3877 dilim-
2182 3821 2247 3890 libili

617 3914 746 3972 dientiam
757 3924 912 3986 peemtores
921 3905 1055 3973 constituti
1068 3924 1129 3971 sunt
1138 3913 1223 3984 molti,
1232 3917 1268 3972 ita
1276 3918 1407 3988 peronius
1458 3911 1531 3968 errim
1544 3923 1640 3981 maora
1654 3909 1744 3965 docuit
1756 3907 1945 3966 devitationem
1958 3910 2069 3976 mortu,
2082 3910 2135 3967 nisi
2152 3927 2248 3969 senuas

617 4003 796 4062 obedientiam
812 4004 878 4077 lusti
896 4006 1093 4074 constituuntur
1109 4005 1186 4061 multi
1201 4003 1288 4080 (Roas.
1301 4023 1328 4074 ιι,
1341 4005 1404 4079 19);
1458 4002 1540 4058 ritui
1549 4001 1609 4072 quis
1621 4002 1760 4072 parvulum
1772 3993 1885 4072 'puerum
1894 4000 2076 4058 adbereseere
2089 4003 2246 4073 baiulosuo,

616 4095 677 4166 quia
690 4095 760 4152 sieut
769 4094 802 4150 in
814 4094 901 4151 Adam
913 4109 1007 4151 omues
1020 4096 1185 4161 moriuntur,
1198 4095 1237 4153 sie
1250 4105 1278 4153 et
1291 4096 1318 4152 in
1327 4095 1407 4153 Cbri·
1457 4094 1481 4150 si
1495 4110 1557 4152 eum
1573 4093 1652 4151 litem
1666 4105 1700 4149 ea
1713 4092 1768 4148 alto
1777 4091 1868 4162 iaoore
1879 4091 2033 4148 uniatust
2042 4092 2115 4163 quod
2130 4107 2163 4148 ex
2177 4107 2246 4164 qno-

616 4195 660 4246 sto
672 4202 769 4246 omues
780 4187 983 4245 rivilleabuntur
995 4186 1022 4261 (l
1034 4188 1092 4244 Cor.
1107 4204 1153 4254 ur,
1166 4186 1224 4262 22).
1458 4185 1522 4240 dam
1542 4195 1662 4254 mmpore
1683 4181 1791 4262 incipit.
1806 4181 1855 4238 sed
1878 4189 1965 4238 umen
1986 4190 2128 4254 summm
2146 4183 2246 4254 aliquid

616 4279 730 4338 catur
745 4280 804 4338 st.
814 4311 851 4322 -
863 4280 972 4352 Menam
985 4281 1095 4337 scientie
1113 4280 1171 4337 boni
1188 4289 1213 4336 et
1228 4281 1289 4338 moli
1307 4297 1353 4338 eur
1369 4281 1407 4338 aie
1457 4273 1609 4343 huiusmodi
1623 4270 1805 4343 expertessit.

611 4437 614 4444 ι
816 4401 818 4406 -
928 4371 1094 4443 appellatum.
1221 4417 1223 4422 .
1493 4369 1538 4424 55.
1552 4369 1597 4424 Sie
1618 4381 1683 4439 ergo
1696 4367 1748 4422 illis
1767 4365 1860 4436 primis
1878 4365 2032 4424 bominibus
2047 4365 2104 4437 iam
2119 4368 2173 4425 rita
2187 4381 2245 4426 erat

650 4459 696 4516 si.
710 4459 821 4517 Frustra
831 4468 918 4516 autem
928 4459 1050 4516 nonnulli
1060 4467 1137 4516 aeute
1147 4458 1234 4516 obtusi
1242 4468 1306 4516 sunt
1314 4461 1335 4527 ¹,
1345 4475 1407 4519 enm
1458 4457 1561 4525 duleis,
1586 4471 1667 4528 quam
1691 4453 1811 4525 prolecto
1832 4456 1954 4512 amittere
1974 4456 2144 4526 devitabantt
2166 4459 2247 4532 ldqno

617 4549 756 4622 requirunt
769 4549 903 4622 quomodo
920 4548 1037 4619 potuerit
1049 4546 1175 4619 appellari
1193 4549 1292 4619 lissrrrm
1311 4548 1405 4622 digno·
1458 4548 1546 4618 ipsum
1561 4546 1772 4617 quibuscumque
1792 4543 1879 4600 modis
1898 4545 1940 4601 rel
1960 4546 2034 4601 sonis
2054 4547 2245 4617 siqnibennrnn

617 4639 728 4696 oeentiar
749 4639 812 4698 boui
826 4648 854 4697 et
865 4639 946 4709 mali,
965 4650 1106 4711 antequam
1127 4639 1153 4694 iu
1174 4655 1208 4696 eo
1227 4648 1407 4713 transgressae
1457 4637 1543 4693 lietuu
1557 4636 1705 4707 intelligere
1717 4643 1841 4706 poterunt
1855 4651 1862 4689 ι
1877 4649 1926 4690 nee
1939 4635 2067 4691 alitereis
2081 4649 2172 4707 posset
2184 4655 2246 4711 pen.

616 4737 688 4786 esset
700 4728 782 4786 lromo
794 4740 964 4801 praeceptum,
977 4738 1057 4801 atque
1071 4728 1127 4800 ipsa
1141 4730 1302 4800 experienda
1314 4731 1408 4804 digno·
1457 4726 1564 4784 suaderi
1575 4733 1724 4796 peceatum,
1733 4724 1783 4778 nisi
1795 4725 1869 4794 prius
1882 4725 2086 4795 persuaderetur
2094 4743 2142 4784 eos
2150 4744 2185 4785 ea
2198 4731 2245 4786 iilo

616 4820 780 4892 soeret-qnid
800 4819 941 4878 interesset
957 4821 1028 4877 iuter
1044 4819 1143 4876 bonum
1163 4819 1235 4891 quod
1252 4822 1360 4890 amisit,
1378 4831 1408 4880 et
1457 4818 1528 4874 iaeto
1541 4832 1594 4874 non
1607 4831 1667 4872 esse
1680 4814 1867 4883 morituros,id
1878 4825 1930 4883 est,
1946 4814 2011 4871 illud
2024 4818 2095 4888 quod
2112 4819 2245 4877 babebent

617 4911 716 4968 malurn
729 4910 801 4984 quod
812 4911 930 4970 munit.
943 4910 1054 4984 lignum
1066 4911 1137 4967 enirn
1151 4910 1205 4967 tale
1221 4925 1318 4968 nomen
1330 4927 1407 4971 aese-
1457 4917 1486 4966 et
1498 4923 1528 4973 se
1540 4906 1641 4964 babere
1660 4904 1821 4978 gaudebant,
1841 4920 1895 4962 non
1915 4906 2081 4977 amissuros;
2104 4909 2176 4968 undo
2195 4923 2245 4970 sno

617 4997 666 5072 pit,
680 5008 711 5057 ut
721 5015 756 5058 eo
770 5000 915 5058 secumdum
928 5000 1132 5072 prohibitionem
1146 5015 1199 5056 non
1213 5008 1284 5058 tacto
1296 5016 1406 5060 msere·
1457 5006 1517 5063 loeo
1530 5006 1689 5078 loquendum
1701 5015 1753 5062 est.
1767 5005 1915 5061 Muenna
1924 5008 2023 5076 itaque,
2034 5005 2056 5060 si
2067 5019 2135 5076 quos
2144 5013 2243 5072 moret,

616 5099 676 5161 tur,
689 5091 764 5166 quod
780 5107 814 5150 eo
827 5103 920 5152 eontra
938 5093 1143 5166 prohibitionem
1163 5102 1234 5152 uoto
1251 5095 1404 5155 sentiretur.
1456 5099 1589 5171 quomodo
1607 5100 1741 5170 potuerint
1755 5099 1903 5171 intelligere
1915 5100 2050 5170 baerperta
2064 5100 2244 5158 rrominanteru

615 5183 708 5258 lleqw
717 5185 789 5243 enim
801 5183 862 5258 quia
876 5187 938 5244 inde
948 5198 1040 5244 eontra
1053 5197 1214 5260 praeoeptum
1230 5188 1406 5248 manducare-
1456 5191 1499 5247 rel
1512 5191 1657 5248 nauantem
1669 5192 1752 5247 Ιιειιιιι
1763 5206 1771 5259 ;
1784 5199 1812 5247 ιιι
1824 5190 1931 5248 rideant
1938 5205 1988 5260 nos
1996 5191 2113 5247 omnium
2125 5192 2245 5264 inerper-
2335 5199 2341 5212 '

616 5287 696 5345 runt,
710 5277 771 5335 ideo
783 5278 880 5335 iaemm
894 5287 936 5336 est
949 5279 1012 5335 illud
1026 5281 1125 5350 lignum
1139 5280 1327 5351 dignoseentias
1343 5283 1406 5338 boni
1458 5291 1546 5338 torum
1559 5282 1686 5349 nomina,
1705 5282 1810 5338 nomini
1825 5273 1859 5339 e'a
1872 5282 2014 5339 watenis
2024 5297 2084 5353 qne
2095 5283 2152 5353 iam
2165 5283 2243 5338 nori·

616 5374 642 5422 et
655 5365 735 5434 realia
749 5365 797 5424 sed
808 5368 898 5439 utique
908 5368 1012 5425 etiamsi
1025 5369 1178 5426 obedientes
1189 5377 1289 5435 oswini,
1302 5379 1329 5429 et
1338 5371 1404 5428 nibil
1456 5391 1527 5442 rnna,
1542 5376 1753 5447 sipriratiouum
1766 5382 1839 5443 sunt,
1850 5383 1897 5431 aut
1907 5391 1940 5430 ex
1950 5373 2090 5442 similibus,
2105 5374 2243 5445 sispeeie·

616 5453 678 5512 inde
690 5465 784 5513 eontra
796 5467 956 5530 praeoeptum
969 5469 1155 5529 usurpassent,
1169 5460 1196 5517 id
1209 5470 1281 5519 reete
1295 5477 1404 5519 vocam-
1457 5483 1516 5523 rum
1529 5475 1610 5534 sunt,
1622 5466 1681 5523 siue
1692 5466 1747 5523 ullo
1757 5473 1825 5521 aestu
1836 5463 2009 5522 dubitationis
2020 5477 2176 5535 aproseere.
2188 5463 2244 5520 Nisi

617 5555 677 5618 ΙΝ,
691 5547 763 5621 quod
777 5549 813 5606 ibi
827 5549 867 5606 01⁸
877 5549 1026 5616 willerii.
1040 5550 1063 5606 δί
1076 5562 1258 5622 usurpassent.
1273 5551 1405 5620 Quemad-
1457 5560 1525 5616 inrte
1537 5559 1652 5630 aliquem
1665 5565 1755 5613 movet
1771 5555 1994 5628 quemadmodum
2007 5553 2079 5626 loqui
2099 5554 2242 5625 potuerint,

617 5637 727 5696 ιιοάιιιιι
750 5637 774 5696 si
794 5647 933 5696 rotaretur
958 5639 1038 5696 arbor
1061 5641 1225 5710 saturitatis,
1248 5640 1320 5713 quod
1342 5642 1405 5700 inde
1457 5652 1500 5708 nei
1524 5652 1677 5723 loquentem
1699 5646 1866 5719 intelligere,
1890 5648 1936 5719 qni
1958 5660 2013 5701 nou
2032 5643 2180 5700 didioerant
2199 5641 2242 5696 rel

618 5740 725 5800 possem
737 5727 860 5787 Nimim
869 5729 1136 5801 “wfflliffllmbllffl
1149 5729 1172 5786 ⁸1
1185 5745 1264 5786 nemo
1277 5732 1406 5792 imis·-
1456 5742 1603 5801 ereseeudo
1627 5742 1698 5797 inter
1718 5740 1875 5810 loquentes,
1896 5738 1938 5793 rel
1961 5736 2050 5806 aliquo
2070 5731 2239 5804 magisterio;

617 5827 667 5888 ret,
681 5819 743 5878 ideo
757 5835 855 5879 nomen
867 5820 931 5878 illud
945 5827 1018 5878 esset
1030 5821 1220 5892 ieoonpruuml
1238 5821 1404 5894 quandoqni·
1456 5835 1532 5907 qma
1543 5847 1675 5904 ⁸,segnium
1691 5831 1770 5887 tuem
1783 5829 1839 5886 nep
1852 5827 1925 5899 ioqui
1936 5841 1984 5883 eos
1997 5825 2108 5887 doeens,
2126 5833 2195 5890 quos
2205 5820 2242 5878 ila

617 5907 678 5968 dent
691 5927 753 5970 οιιιιι
767 5911 925 5972 recederent
937 5922 964 5970 et
976 5919 1175 5982 autumentur,
1187 5920 1250 5970 tune
1263 5913 1405 5985 probarent
1456 5925 1567 5988 pana,
1586 5932 1616 5979 ua
1634 5922 1685 5979 noe
1703 5928 1813 5993 poesin
1826 5918 1952 5976 etiamsi
1965 5912 2115 5972 lronrinibus
2127 5910 2239 5980 daun.

618 6017 696 6074 quam
713 6001 765 6059 boe
778 6012 850 6060 reete
862 6003 942 6060 arbor
954 6003 997 6058 illa
1010 6011 1157 6060 uocaretur.
1349 6077 1351 6084 Ι
1456 6012 1728 6084 ηαςωηιιιιιιὶιιιιι.
2044 6001 2052 6024 ‘'

649 6153 1404 6223 *annuendimeonstnuteqoblmsinnmutetirllbt

612 6217 1049 6284 =drnnetriuatantst.,u.·t,o:tunae.
1312 6223 1318 6234 ·
