5709 7534
531 908 591 964 ¹bil

1138 910 1183 965 DE
1201 907 1392 967 scntbtttttn
1412 908 1535 966 slent.
2128 912 2191 973 stt·

540 1029 594 1076 tem
604 1019 678 1076 testis
692 1027 733 1076 est
746 1017 911 1091 repentinus,
928 1018 1070 1076 concinnat
1082 1020 1199 1092 linguam
1218 1021 1330 1078 mendu—
1387 1021 1474 1088 bitur‚
1490 1031 1518 1076 et
1533 1029 1652 1077 extrema
1666 1021 1754 1094 gaudii
1769 1023 1855 1080 luctus
1873 1034 1999 1097 occupat·
2012 1024 2046 1080 Et
2059 1037 2116 1098 post
2129 1039 2180 1085 tres

538 1126 610 1168 cem.
628 1111 709 1168 bolus
721 1112 748 1167 iu
762 1110 842 1168 eorde
861 1110 1034 1182 cogitantium
1061 1112 1131 1168 mala
1148 1131 1154 1166 :
1171 1113 1215 1184 qui
1239 1122 1328 1169 autem
1365 1126 1493 1168 -ttermst
1515 1111 1627 1182 Sapiens
1646 1113 1731 1181 timet,
1753 1124 1780 1171 ct
1802 1115 1917 1183 declinat
1940 1116 2058 1174 malum:
2082 1119 2178 1175 stultns

538 1200 634 1258 ineunt
655 1202 730 1273 pacis
749 1198 882 1265 consilia.
906 1211 1033 1272 sequetur
1047 1216 1095 1259 eos
1119 1195 1254 1274 gaudium.
1271 1203 1329 1259 lion
1386 1203 1511 1269 transilit,
1523 1212 1550 1259 ct
1566 1204 1683 1261 cottidit.
1699 1206 1840 1278 impatiens
1853 1209 2005 1280 operabitur
2017 1209 2155 1265 stultitiam
2170 1227 2177 1276 ;

537 1292 818 1364 connistabitjustum
837 1293 963 1365 quidquid
977 1294 1003 1350 ci
1027 1293 1174 1351 acciderit:
1192 1296 1265 1366 impii
1284 1310 1333 1352 an-
1384 1302 1411 1349 ct
1425 1293 1467 1348 tir
1485 1306 1608 1350 versutus
1621 1296 1728 1351 odiosus
1746 1305 1797 1355 est.
1814 1297 1849 1354 tu
1868 1309 1924 1371 post
1944 1311 2052 1373 quatuor
2070 1317 2180 1358 ιιιιιιιε

539 1394 594 1443 tetu
620 1383 795 1455 replebuntur
815 1384 895 1440 malo.
917 1384 1087 1441 bbtttninatio
1108 1385 1213 1442 bomini
1227 1387 1246 1452 ¹,
1262 1386 1331 1442 labia
1384 1385 1436 1452 Qui
1448 1386 1561 1457 despicit
1570 1388 1720 1458 proximum
1738 1405 1826 1459 suum,
1842 1401 1951 1463 peccat:
1967 1396 2010 1465 qni
2024 1402 2111 1451 autom
2129 1396 2179 1449 mi-

539 1476 700 1533 mendacia:
715 1475 760 1547 gui
774 1483 863 1533 antem
876 1475 992 1532 lidclitcr
1004 1485 1099 1547 agunt,
1114 1476 1219 1548 placent
1230 1476 1265 1532 ei.
1275 1476 1331 1532 llo·
1384 1491 1489 1536 seretur
1507 1480 1649 1551 pauperis.
1664 1480 1757 1537 beatus
1778 1483 1840 1539 crit.
1858 1484 1955 1541 lirrant
1969 1487 2012 1556 qui
2033 1495 2178 1558 operantur

537 1588 583 1628 mo
608 1581 736 1629 versutus
761 1569 837 1627 celat·
858 1571 996 1627 scientiam
1011 1587 1019 1625 t
1034 1579 1062 1627 et
1082 1585 1129 1626 cor
1151 1570 1330 1639 insipientium
1384 1569 1483 1626 malum
1495 1588 1504 1626 ι
1518 1571 1701 1628 misericordia
1715 1581 1743 1629 et
1761 1573 1861 1630 ueritas
1880 1586 2029 1646 preparant
2048 1578 2126 1634 bona.
2148 1577 2176 1633 lu

537 1662 692 1732 provocabit
713 1660 863 1717 stultitiam.
881 1658 913 1715 lt't
925 1660 1053 1732 pottdttcr
1066 1675 1175 1716 meat:
1190 1660 1290 1718 bloemr
1304 1661 1330 1716 in
1384 1662 1457 1716 omni
1469 1677 1551 1733 opere
1564 1662 1572 1695 ¹
1587 1663 1638 1719 crit
1655 1662 1817 1720 abundantia
1830 1682 1837 1719 ι
1852 1664 1897 1723 ubi
1913 1675 2001 1724 autcm
2016 1669 2095 1726 vctba
2115 1681 2177 1726 snut

537 1752 620 1808 eorde
634 1752 684 1807 tiri
697 1750 847 1806 humiliabit
860 1750 944 1818 illum,
961 1760 989 1807 et
997 1765 1122 1808 sermone
1134 1752 1206 1807 bono
1214 1752 1333 1809 ltetilica-
1384 1753 1515 1824 plurima,
1536 1752 1688 1825 frequenter
1705 1763 1820 1828 egestas.
1836 1753 1868 1811 tir
1882 1764 1938 1829 post
1951 1769 2059 1829 quotuor
2071 1774 2177 1815 verens:

538 1842 619 1898 bitur.
634 1843 684 1911 Qui
700 1841 807 1913 negligit
821 1842 947 1898 damnum
965 1853 1076 1913 propter
1095 1844 1221 1912 amicum,
1244 1844 1331 1914 justus
1385 1844 1412 1900 ltt
1435 1845 1529 1903 timore
1551 1846 1656 1903 Domini
1676 1845 1770 1904 dducia
1792 1846 1972 1916 fortitudinis3
1992 1858 2020 1907 et
2039 1849 2099 1906 illlis
2119 1853 2178 1921 cjtts

538 1944 580 1987 est
593 1950 601 1987 ι
613 1933 663 1989 iter
689 1940 779 1986 autem
806 1931 948 2004 itnpiomm
971 1931 1087 2005 decipiet
1101 1948 1158 1989 eos.
1172 1932 1230 1988 lion
1256 1935 1331 1991 ture-
1384 1937 1436 1993 erit
1447 1952 1517 2008 spes.
1521 1938 1612 2000 Timor
1623 1938 1725 1995 bomini
1739 1938 1799 1996 lons
1809 1939 1881 2006 vitto,
1888 1948 1918 1996 nt
1929 1938 2046 1998 declinet
2057 1943 2087 1996 'a
2101 1942 2177 1997 ruina

538 2020 594 2076 niet
615 2020 798 2077 fraudulentus
810 2021 922 2088 lucrum
939 2030 966 2076 ct
979 2022 1126 2078 substantia
1148 2022 1263 2079 leontinis
1282 2026 1332 2079 erit
1385 2030 1489 2086 mortis.
1505 2029 1538 2084 Ει
1552 2040 1608 2102 poet
1624 2031 1688 2086 duos
1706 2046 1813 2088 ttertno
1825 2032 1876 2101 Qui
1894 2033 1998 2104 patiens
2018 2041 2078 2103 est
2096 2034 2178 2110 multa

537 2111 734 2182 ²¹¹iilif⁰¹¹¹¹¹¹b
748 2111 776 2167 ΙΙΙ
791 2111 1091 2180 fflffliiliusllfioelildt
1107 2112 1158 2169 liei
1181 2114 1331 2171 illicibile-
1370 2124 1717 2196 gttbematurprudeutia:
1730 2125 2093 2199 qniautctnimpatiensest‚
2105 2105 2178 2182 exal·

539 2202 609 2256 tium
623 2201 695 2257 ducit
709 2202 741 2257 ad
756 2211 881 2258 mortem
1386 2223 1423 2269 tat
1443 2214 1581 2269 stultitiam
1609 2229 1695 2270 suam.
1716 2215 1775 2271 Vita
1798 2215 1919 2272 carnium
1943 2215 2043 2271 sanitas
2066 2209 2175 2272 cordis‘:

574 2289 656 2365 [xtrr]
686 2291 768 2348 iilius
789 2292 905 2363 sapiens.
924 2290 1043 2349 doctriua
1060 2294 1161 2365 patris
1175 2295 1221 2367 nni
1243 2304 1331 2352 autern
1384 2303 1498 2374 putredo
1518 2303 1618 2360 ossium
1643 2305 1750 2360 invidia
1770 2305 1820 2373 Qut
1843 2305 2020 2362 eatumutatur
2042 2313 2177 2377 egentem,

539 2383 632 2439 illusor
650 2392 701 2450 est,
722 2399 775 2439 nun
794 2383 866 2440 audit
884 2400 944 2441 enm
964 2385 1094 2456 arguitur
1111 2385 1148 2441 lle
1169 2386 1256 2442 lructu
1277 2389 1332 2444 oris
1384 2393 1528 2463 exprobrat
1543 2394 1635 2451 lactoti
1650 2395 1727 2466 ejus
1744 2394 1957 2451 bonoratantem
1977 2411 2049 2464 eum,
2064 2396 2108 2467 qui
2123 2396 2177 2452 ttti-

538 2473 579 2528 tni
602 2474 683 2529 bomo
702 2475 863 2531 saturabitur
879 2474 976 2532 bouis·
969 2518 976 2531 .
989 2476 1077 2532 anima
1098 2487 1187 2534 autent
1209 2481 1334 2549 prestari·
1384 2491 1491 2539 seretur
1504 2484 1638 2555 pauperis.

538 2574 659 2619 catttrutn
680 2565 779 2635 iniqua.
796 2566 845 2634 Qui
860 2566 976 2622 custodit
989 2581 1121 2635 ossuum,
1137 2567 1253 2624 custodit
1272 2572 1332 2626 ani·
1422 2571 1454 2626 Et
1469 2583 1525 2642 poet
1539 2582 1631 2646 septem
1642 2589 1727 2630 ceretu
1739 2572 1829 2649 [xv.]:
1843 2576 1993 2647 Responsio
2003 2576 2091 2632 mollis
2105 2574 2177 2631 irau-

538 2670 610 2709 mam
621 2669 697 2710 suam
710 2672 718 2711 t
731 2656 776 2726 qui
790 2665 878 2712 autem
891 2656 1105 2714 inconsideratus
1119 2658 1205 2714 estad
1219 2659 1332 2731 loquett·
1384 2662 1422 2733 git
1436 2662 1501 2718 iram
1521 2681 1527 2717 ι
1543 2677 1633 2720 scruto
1647 2663 1730 2721 durus
1747 2666 1860 2720 suscitat
1874 2664 1999 2720 iunonem.
2014 2665 2114 2737 Lingua
2131 2679 2177 2721 sa·

538 2746 615 2815 dum,
628 2746 727 2804 sentiet
746 2747 827 2804 mala.
840 2748 904 2806 Vult
924 2759 952 2807 ct
972 2765 1025 2805 non
1047 2751 1103 2807 uult
1127 2753 1200 2824 piger
1218 2769 1226 2808 ι
1244 2753 1332 2808 anima
1385 2753 1513 2822 pientiam
1527 2762 1606 2809 ornat
1620 2754 1757 2810 scientiam
1770 2772 1776 2809 :
1791 2769 1822 2810 os
1835 2754 1965 2811 latuornm
1979 2754 2072 2813 ebullit
2090 2755 2178 2812 stulti·
2201 2783 2205 2791 ·

538 2848 629 2897 antem
651 2842 817 2910 operantium
839 2842 1055 2913 impinguabitur.
1077 2843 1196 2900 Verbum
1217 2844 1333 2902 mendax
1386 2842 1460 2898 tiam.
1475 2843 1506 2898 lit
1521 2854 1576 2914 poet
1588 2843 1762 2915 septemdecim
1776 2860 1861 2900 eertttt
1873 2859 1882 2901 :
1892 2844 1952 2900 lion
1965 2854 2036 2901 areat
2051 2846 2187 2916 pestilens·
2289 2840 2291 2845 ’

537 2933 624 3001 justus
643 2931 842 2990 detestabitur:
861 2933 960 3003 impius
977 2944 1066 2990 autem
1080 2935 1217 2992 cottlundit
1228 2945 1333 2993 ctcon·
1385 2950 1446 2991 eum
1464 2936 1508 3007 qui
1525 2951 1555 2992 sc
1571 2936 1700 3008 corripit,
1719 2951 1769 2992 nec
1786 2936 1820 2992 ad
1843 2937 1978 3007 sapientes
1993 2937 2123 3008 graditur.
2144 2937 2178 2992 Et

537 3023 674 3080 landetur.
691 3025 796 3082 institia
809 3026 925 3082 custodit
944 3026 1093 3084 innocentis
1106 3029 1175 3084 riam
1188 3045 1196 3083 ι
1210 3028 1334 3104 impietas
1385 3036 1442 3097 post
1457 3026 1589 3084 duodecim
1609 3044 1694 3083 aerem
1708 3043 1718 3082 .·
1730 3019 1824 3083 llelins
1837 3037 1878 3082 est
1896 3042 1989 3097 parum
2005 3042 2066 3083 cum
2082 3029 2179 3083 timore

538 3132 604 3171 uero
626 3126 780 3188 peccatores
801 3117 963 3189 supplantat.
987 3118 1036 3174 Est
1056 3119 1134 3191 quasi
1156 3113 1248 3186 dites,
1272 3134 1333 3175 cum
1387 3117 1508 3184 Domini,
1522 3134 1601 3188 quam
1615 3118 1732 3173 thesauri
1746 3115 1834 3187 magui
1854 3123 1881 3172 ct
1899 3116 2071 3173 insatiabiles.
2084 3117 2178 3172 ilelitrs

539 3206 607 3262 ttiltil
620 3206 735 3289 babeat;
750 3216 831 3264 otest
845 3208 921 3279 quasi
939 3223 1049 3279 pauper,
1060 3223 1122 3266 curn
1138 3209 1164 3266 in
1182 3209 1273 3266 multis
1292 3209 1333 3265 di·
1385 3215 1428 3264 est
1440 3208 1530 3264 vomui
1547 3207 1581 3264 ad
1599 3208 1672 3264 olera
1691 3223 1752 3263 cum
1767 3208 1907 3271 charitate,
1922 3221 2000 3278 guam
2015 3207 2049 3262 ad
2064 3207 2176 3263 titulum

539 3299 611 3354 titiis
635 3299 680 3354 sit.
694 3298 854 3370 Redemptio
875 3299 972 3355 animae
995 3301 1057 3369 riri,
1073 3300 1172 3359 divitia
1192 3318 1248 3374 enee
1266 3304 1334 3375 :qui
1385 3298 1534 3368 sagittatum
1554 3314 1615 3354 cunt
1630 3298 1702 3355 odio.
1717 3297 1765 3354 Vir
1779 3298 1921 3354 iracundus
1942 3307 2069 3369 prouocat
2083 3299 2175 3354 rixas:

539 3398 630 3447 autem
651 3406 753 3462 pauper
772 3399 823 3459 est,
838 3391 1047 3463 increpationem
1067 3409 1119 3450 non
1138 3394 1261 3452 sustinet.
1277 3394 1333 3450 Lux
1386 3389 1431 3458 nui
1445 3388 1548 3460 patiens
1558 3398 1599 3446 est
1611 3390 1713 3461 mitigat
1725 3389 1876 3445 suscitatas.
1889 3389 1943 3445 lter
1954 3389 2089 3460 pigrorum
2101 3390 2177 3459 quasi

538 3484 671 3550 iustorum
693 3480 829 3538 letificat:
849 3481 956 3539 lucerna
978 3483 1120 3555 impiorum
1141 3485 1332 3557 exstinguetur.
1386 3494 1463 3550 stipes
1483 3481 1619 3550 spinatum
1640 3498 1647 3536 a
1670 3480 1712 3536 tia
1729 3480 1861 3552 justorum
1884 3479 1985 3550 absque
2005 3477 2178 3536 offendiculo.

541 3572 613 3626 luter
625 3573 756 3642 strperbus
769 3573 973 3644 sernperJurgia
994 3584 1056 3631 sunt
1067 3591 1075 3629 ς
1088 3576 1133 3647 qui
1148 3585 1236 3632 autem
1254 3585 1336 3648 agunt
1387 3569 1470 3627 Filius
1484 3572 1590 3641 sapiens
1604 3571 1718 3627 ltetiitcat
1734 3581 1834 3642 patrem
1853 3589 1860 3626 ι
1876 3581 1904 3629 et
1917 3573 2013 3629 stultus
2027 3572 2107 3629 ltomo
2128 3572 2178 3628 de·

540 3671 637 3718 euicta
651 3662 772 3731 consilio,
786 3672 914 3734 regamur
934 3664 1075 3736 sapientia.
1089 3666 1242 3724 Substantia
1261 3666 1336 3723 lesti·
1387 3661 1465 3732 spicit
1476 3672 1588 3718 matrotn
1603 3677 1690 3718 snam.
1703 3661 1738 3717 lit
1753 3672 1808 3734 poet
1820 3662 1884 3717 dnos
1896 3678 1981 3718 terrm
1991 3678 2001 3718 .·
2012 3663 2180 3735 ltissipantur

541 3764 604 3810 nata
618 3754 754 3812 minuetur
765 3773 773 3811 a
783 3770 843 3826 quae
858 3763 947 3812 antem
960 3757 1088 3826 paulatim
1102 3758 1235 3831 colligitur
1244 3774 1334 3826 manu,

541 3845 769 3917 multiplicabitur.
783 3845 852 3917 Spes
865 3861 925 3918 quac
938 3844 1068 3917 dillcrtur,
1084 3846 1180 3921 aflligit
1198 3849 1333 3904 animam:
1387 3852 1451 3900 sunt
1465 3845 1620 3912 consiliarii,
1631 3844 1833 3901 confirmantur.
1847 3844 1964 3900 letatur
1975 3843 2056 3900 bomo
2068 3844 2095 3899 in
2116 3860 2180 3900 sen·

1387 3751 1561 3825 eogitmmues
1581 3754 1625 3810 ubi
1645 3762 1755 3810 nonest
1771 3753 1911 3811 consilium
1924 3772 1931 3811 ι
1946 3752 1991 3810 ubi
2012 3769 2077 3811 nero
2090 3754 2182 3826 plntcs
2277 3811 2280 3816 .

541 3939 642 4010 lignum
663 3938 723 3994 ritae
736 3937 899 4019 desidorium
917 3938 1040 3998 veniens.
1054 3939 1105 4009 Qui
1119 3938 1237 3997 detrahit
1255 3939 1336 3996 alicui

541 4031 592 4097 eci,
608 4029 665 4100 ipsc
688 4044 718 4086 sc
742 4029 769 4085 in
794 4028 912 4086 intutum
935 4026 1059 4101 obligat:
1082 4032 1128 4102 qni
1148 4041 1237 4087 autem
1262 4030 1338 4089 timet

543 4128 725 4190 praeceptum,
748 4120 775 4175 in
797 4135 863 4192 paee
884 4120 1049 4190 versabitur.
1066 4122 1122 4178 Lex
1141 4123 1255 4193 sapienti
1278 4122 1338 4180 lons

543 4215 615 4281 vitae,
629 4222 657 4269 ut
670 4213 786 4270 declinet
799 4229 814 4268 a
829 4215 904 4270 ruina
918 4213 1022 4270 mortis.
1039 4213 1164 4270 Doctrina
1179 4215 1247 4270 bona
1265 4214 1338 4271 dabit

543 4303 679 4373 gratiam:
703 4303 729 4358 in
752 4302 845 4358 itinere
865 4311 1077 4373 contemptomm
1097 4318 1206 4374 vorago.
1229 4301 1264 4359 lit
1282 4314 1338 4376 poet

543 4394 641 4466 aliqtot
660 4410 745 4450 term
762 4395 774 4426 ¹
793 4412 800 4447 :
824 4394 873 4462 Qui
894 4395 979 4465 parcit
997 4394 1078 4466 virgae
1099 4410 1164 4463 sna),
1180 4396 1236 4452 odit
1255 4397 1337 4451 lilium

544 4500 623 4539 suum
635 4502 642 4538 ε
654 4485 698 4554 qui
710 4493 799 4541 autem
809 4484 989 4557 digitillum,
1001 4486 1130 4542 instanter
1139 4486 1236 4564 erudit.
1248 4487 1338 4542 iustus

544 4575 671 4642 comedit,
685 4583 713 4632 et
730 4576 815 4647 replet
829 4576 945 4631 animam
964 4591 1059 4632 snam:
1075 4586 1168 4633 uenter
1179 4586 1268 4636 autem
1290 4579 1340 4632 im·

546 4668 650 4739 piomm
664 4669 855 4726 insaturabilis.

581 4758 616 4813 Et
631 4768 687 4829 post
699 4759 763 4815 deos
774 4774 859 4815 cerne
874 4755 953 4833 [utu]
966 4778 973 4815 :
987 4759 1132 4816 Ambulans
1147 4769 1220 4816 recto
1233 4760 1338 4826 itinere,

546 4860 574 4906 et
587 4851 685 4906 timeus
701 4845 803 4916 Deum.
823 4851 984 4921 despicietur
996 4850 1031 4906 ab
1043 4866 1076 4908 eo
1087 4851 1131 4923 qui
1145 4849 1237 4907 iulanti
1248 4851 1340 4923 gradi-

548 4956 592 4999 tur
611 4944 664 4998 tia.
682 4943 711 5000 ln
731 4958 778 5000 otc
795 4944 871 4999 stulti
889 4943 961 5014 virga
981 4942 1130 5014 superbiae:
1146 4943 1216 4998 labia
1236 4943 1341 5013 sapien-

548 5035 614 5090 tinm
627 5033 780 5091 custodiunt
793 5048 849 5090 cos.
862 5032 895 5088 lit
910 5042 965 5106 post
979 5032 1044 5088 dnos
1056 5048 1163 5089 emat:
1176 5032 1264 5089 'lestis
1276 5032 1341 5090 tide·

469 5111 473 5117 ’
547 5126 581 5180 lis
593 5141 646 5181 nou
662 5126 822 5182 mentietur:
838 5123 939 5195 prolcrt
952 5123 1117 5180 mendacium
1132 5124 1208 5180 testis
1220 5123 1339 5182 dolosus.

546 5219 650 5288 Quaerit
666 5217 771 5273 derisor
785 5217 953 5288 sapientiam,
966 5225 994 5271 et
1008 5229 1061 5271 non
1082 5214 1200 5271 inuenit:
1221 5216 1340 5272 doctrina

547 5309 710 5382 sapientium
733 5308 828 5365 facilis.
851 5306 924 5380 Vade
943 5314 1035 5362 oratura
1058 5305 1145 5361 tirum
1168 5306 1297 5373 stultum·
1314 5318 1342 5361 et

547 5400 651 5458 nescito
672 5398 741 5455 labia
769 5398 953 5470 imprudentior
974 5397 996 5451 ⁸.
1022 5397 1156 5468 Sapientia
1181 5397 1269 5454 callidi
1301 5407 1343 5456 est

549 5492 697 5564 intelligere
717 5492 786 5548 riam
817 5506 913 5558 suam;
940 5499 966 5548 et
1000 5491 1179 5561 imprudentia
1199 5492 1341 5548 stultomm

547 5601 653 5643 errans.
664 5584 765 5643 Stultus
775 5584 867 5642 illudet
877 5592 1013 5655 peccatum
1025 5600 1033 5638 ι
1045 5584 1114 5640 inter
1123 5582 1210 5654 justus
1224 5583 1342 5639 morabi-

550 5687 592 5732 tur
603 5676 699 5748 gratia.
710 5676 763 5732 Cor
774 5673 845 5745 quod
857 5675 931 5730 notit
944 5673 1147 5730 amaritudinem
1161 5673 1259 5730 animat
1272 5688 1339 5743 ιιι,

550 5769 576 5824 iu
595 5767 693 5839 gaudio
704 5766 762 5838 ejus
776 5782 829 5822 nou
842 5765 997 5822 miscebitur
1008 5775 1162 5822 extraneus.
1177 5766 1276 5823 bamus
1289 5766 1342 5822 ita-

550 5858 656 5929 piornm
667 5856 819 5913 delebitur:
834 5855 1004 5912 tabernacula
1018 5872 1082 5912 tero
1097 5856 1230 5928 iustorum
1242 5858 1343 5928 garmi·

552 5948 662 6005 nabunt.
676 5948 725 6003 Est
735 5947 778 6003 tia
793 5961 853 6019 gnae
866 5945 969 6003 ridetur
979 5945 1080 6003 homini
1092 5947 1184 6019 justa;
1200 5948 1385 6005 notissima.

551 6040 711 6113 anteraejus
722 6037 1233 6099 deducunttdmortem.liisusdolore
1245 6039 1343 6097 mtsue-

710 6216 1030 6270 ιιιιιυιιιωιιιιιωιιιι
1106 6207 1108 6214 “

585 6215 1064 6416 {Queruntur-'it
1155 6404 1157 6408 ,
1250 6401 1252 6406 ,

1389 3937 1471 3992 teretia
1490 3936 1546 3993 oris
1568 3937 1629 4003 sui;
1651 3946 1679 3993 ct
1700 3952 1788 3994 sermo
1810 3947 1974 4007 opportunus
1992 3945 2035 3993 est
2054 3938 2181 4008 optimus.

1380 4026 1489 4082 .Semita
1509 4028 1569 4082 ritae
1585 4041 1667 4098 supet·
1685 4026 1829 4096 eruditum,
1843 4035 1872 4083 ut
1889 4026 2006 4084 dcclittct
2023 4027 2058 4085 de
2076 4028 2182 4084 inferno

1389 4117 1548 4174 notissimo.
1560 4118 1593 4172 lit
1605 4127 1661 4191 port
1674 4125 1781 4189 quotuor
1795 4134 1880 4173 resne
1890 4132 1900 4173 .·
1912 4116 2060 4174 Cottturbat
2072 4118 2181 4174 domum

1389 4227 1476 4279 suam,
1489 4212 1535 4284 qui
1556 4219 1674 4267 sectatur
1693 4211 1854 4266 avaritiam:
1876 4211 1920 4282 qui
1942 4218 2031 4266 autem
2049 4211 2105 4266 odit
2124 4227 2184 4266 mu·

1390 4318 1472 4369 nem.
1487 4304 1566 4360 viret.
1582 4302 1656 4359 licus
1674 4301 1738 4374 justi
1754 4300 1925 4357 meditabitur
1938 4299 2117 4357 obedientiam
2130 4318 2136 4356 :
2152 4315 2191 4357 os-

1391 4395 1532 4466 implornm
1560 4392 1692 4450 redundat
1715 4393 1802 4449 tnaiis.
1825 4391 1916 4464 Longe
1939 4400 1981 4449 est
2002 4392 2131 4448 Dominus
2149 4391 2185 4448 ab

1391 4485 1497 4555 irupiis;
1509 4493 1538 4541 et
1546 4484 1681 4540 orationes
1688 4484 1821 4555 justorum
1833 4482 1965 4539 exaudiet.
1977 4482 2034 4538 Lux
2044 4484 2183 4539 oculorum

1391 4575 1508 4631 ltetillcat
1523 4576 1659 4631 attintam:
1674 4573 1742 4630 lama
1760 4574 1830 4630 bona
1849 4574 1996 4645 impinguat
2015 4589 2086 4632 ossa.
2103 4574 2192 4630 Auris

1386 4680 1450 4736 nne
1469 4664 1543 4721 audit
1563 4665 1758 4736 increpationes
1776 4665 1847 4728 tilae,
1867 4664 1895 4717 in
1917 4664 2006 4718 medio
2024 4665 2194 4734 sapientium·

1388 4754 1609 4820 commorabitur.
1622 4754 1674 4823 Qui
1694 4752 1784 4824 abjicit
1802 4753 1979 4823 disciplinam,
1999 4751 2112 4823 despicit
2127 4752 2187 4807 arti-

1391 4861 1463 4902 mam
1486 4861 1580 4902 suam:
1600 4845 1647 4917 qui
1667 4854 1757 4900 anum
1780 4844 1924 4914 acquiescit
1948 4842 2184 4913 increpationibus,

1393 4949 1533 5007 possessor
1553 4942 1595 4992 cst
1615 4932 1714 4989 cordis.
1733 4933 1826 4987 Timor
1844 4931 1960 4997 bomini,
1979 4930 2118 5001 disciplina
2138 4946 2186 4987 sa·

1392 5027 1500 5098 pientiae
1513 5042 1520 5092 ;
1535 5034 1562 5082 et
1573 5025 1685 5097 gloriam
1699 5023 1826 5095 praecedit
1837 5022 1983 5078 humilitas.

1428 5114 1511 5192 [xvc]
1526 5113 1662 5172 :llomiuis
1676 5123 1717 5171 est
1728 5114 1846 5170 animum
1861 5128 2020 5185 praeparare,
2037 5122 2064 5170 et
2077 5114 2124 5170 bet
2139 5131 2189 5186 gtt-

1393 5212 1507 5268 bernare
1522 5210 1648 5281 lingnam.
1664 5206 1762 5264 Omucs
1774 5206 1825 5263 tite
1842 5206 1980 5262 ltomittum
1998 5214 2089 5277 patent
2103 5208 2188 5263 oculis

1393 5303 1452 5373 eius
1462 5318 1471 5359 a
1483 5299 1624 5372 spirituum
1644 5297 1805 5369 ponderator
1816 5305 1859 5353 ost
1871 5296 2008 5353 Dominus.
2023 5291 2122 5353 lictela
2136 5298 2189 5352 llo

1394 5395 1468 5452 mino
1478 5406 1559 5463 opera
1572 5398 1629 5456 tua,
1643 5398 1671 5446 et
1682 5389 1831 5461 dirigentur
1841 5389 2016 5461 cogitationes
2035 5398 2096 5446 tnae.
2114 5389 2181 5445 lini·¹

1395 5498 1474 5542 tersa
1493 5489 1603 5555 propter
1625 5480 1799 5552 semetipsum
1824 5487 1952 5551 operatus
1976 5490 2018 5537 est
2040 5480 2188 5545 Dominus;

1395 5578 1506 5648 impium
1519 5589 1625 5646 guoque
1638 5572 1673 5631 ad
1685 5572 1761 5650 diem
1772 5587 1883 5628 matum.
1900 5572 2069 5628 Abominatio
2081 5570 2188 5627 bomini

1395 5667 1485 5723 omnis
1505 5663 1771 5738 arroganstetiamsi
1792 5664 1872 5719 nturiu
1894 5663 1927 5718 ad
1949 5671 2055 5717 manum
2077 5660 2187 5728 lucrit⁸3

1396 5773 1450 5815 non
1466 5757 1517 5814 erit
1538 5755 1676 5812 innocens.
1689 5753 1868 5812 llisericordia
1881 5753 2028 5810 ctreritatc
2044 5751 2189 5808 redimitur

1396 5849 1532 5922 iniquitas,
1542 5848 1717 5906 etintimorc
1727 5845 1830 5902 bomttu
1837 5843 1986 5900 deluatur
1998 5856 2013 5895 a
2027 5841 2107 5898 malo.
2121 5843 2188 5898 Cum
