5709 7534
521 904 590 961 ,ιιι
1175 895 1482 959 ttounstcnnuus.
2076 916 2156 990 tras,

519 1024 610 1072 essent
630 1013 663 1069 ad
685 1013 796 1069 Pascha.
813 1013 870 1069 Non
891 1012 962 1069 enim
981 1014 1119 1084 quisquam
1137 1028 1230 1069 eorum
1247 1029 1307 1069 enm
1361 1015 1477 1070 cundum
1491 1016 1607 1076 llareunr
1620 1029 1724 1091 autem,
1739 1024 1833 1080 eodem
1853 1025 1988 1084 Bethania*
2007 1031 2148 1101 conuitio,

519 1108 641 1174 dixisset,
662 1116 721 1177 post
741 1105 850 1161 biduum
865 1106 981 1161 laturum
996 1106 1117 1173 Pascha,
1131 1106 1170 1161 sie
1190 1106 1310 1176 adjunxit
1361 1105 1432 1175 quod
1447 1108 1644 1178 recapitulando
1657 1123 1684 1168 et
1697 1113 1753 1186 ipse
1766 1116 1931 1188 interposuit,
1947 1120 2069 1178 similiter
2081 1139 2150 1194 prae-

518 1200 553 1255 de
566 1200 612 1253 illo
628 1196 698 1252 laeto
712 1198 738 1252 in
759 1196 896 1263 Bethania,
916 1206 945 1252 ut
964 1196 1074 1263 dieeret,
1094 1197 1157 1252 Post
1172 1195 1228 1251 hare
1247 1211 1308 1252 enm
1363 1194 1504 1262 memisse,
1520 1198 1556 1253 ita
1572 1215 1602 1255 se
1618 1201 1684 1257 ordo
1703 1207 1860 1264 narrationis
1877 1216 1950 1266 tonet
1966 1229 1973 1266 :
1989 1210 2052 1266 Erat
2065 1224 2150 1268 autent

519 1301 592 1348 esset
605 1285 634 1345 in¹
646 1289 774 1345 Bethania
786 1290 846 1345 :sed
859 1287 1113 1359 hiattbteusquidem
1126 1328 1134 1352 ,
1147 1285 1211 1343 Cum
1225 1298 1309 1342 antem
1363 1282 1464 1340 Pascha
1476 1296 1498 1340 ct
1511 1304 1602 1359 azymo
1614 1301 1670 1360 post
1681 1293 1783 1350 biduum
1791 1313 1801 1360 ,·
1814 1308 1837 1352 et
1848 1303 1991 1369 querebant
1999 1305 2091 1359 sunrnti
2105 1322 2150 1360 aa.

520 1392 598 1447 essct,
616 1382 711 1453 inquit,
724 1377 800 1436 iesus
818 1381 843 1435 in
856 1379 999 1444 Bethania,·
1013 1379 1117 1436 Marcus
1131 1388 1230 1444 autem,
1244 1378 1308 1434 Cant
1361 1376 1473 1431 ccrdotss
1485 1388 1507 1432 et
1521 1379 1617 1435 Scribe
1631 1386 1754 1450 montedo
1768 1403 1825 1441 rum
1837 1389 1896 1444 doio
1909 1399 2034 1457 terrerent,
2048 1404 2072 1448 et
2083 1396 2149 1449 occi·

519 1481 582 1526 esset
599 1471 730 1526 Betitunite
742 1486 752 1524 .·
764 1471 834 1541 quod
852 1472 942 1542 ntique
957 1469 1111 1539 intelligitur
1126 1478 1154 1524 et
1167 1477 1308 1539 antequam
1361 1465 1457 1521 derant.
1473 1467 1595 1524 bicatum
1616 1474 1698 1535 enirn.
1713 1475 1773 1530 Nou
1792 1479 1817 1532 in
1836 1480 1877 1534 die
1889 1482 1970 1549 [esto,·
1984 1489 2092 1556 neforto
2107 1499 2149 1541 tn·

520 1561 563 1615 illa
580 1560 734 1617 dicerentur
745 1575 805 1631 qaae
817 1569 879 1616 ante
893 1560 1002 1616 biduum
1021 1559 1130 1615 Paschae
1149 1558 1221 1615 dieta
1235 1567 1308 1614 sunt.
1361 1550 1454 1605 multus
1464 1552 1534 1621 dmi
1546 1555 1643 1625 impuli·
1659 1556 1692 1610 Bt
1704 1558 1786 1614 ludat
1801 1561 1955 1629 &vidden
1968 1584 2033 1622 uhts
2046 1585 2077 1623 ex
2089 1570 2149 1624 tito·

520 1651 596 1706 Sicut
615 1666 722 1722 ergoet
736 1650 846 1707 ioannis
859 1651 1012 1707 narratione
1027 1651 1170 1723 colligitur,
1186 1659 1248 1707 ante
1262 1667 1308 1709 sex
1361 1638 1451 1706 decim·
1473 1639 1533 1695 “iili
1553 1642 1587 1696 “d
1605 1661 1715 1700 ιιιιιιιθι
1735 1651 1884 1719 melitite
1904 1664 1932 1707 ιιι
1954 1657 2068 1724 didimi
2090 1677 2146 1713 etth

520 1741 577 1798 dies
591 1741 699 1797 Pasebm
712 1741 822 1798 venitin
835 1740 990 1797 Betlraniatn
1005 1760 1011 1796 :
1030 1742 1065 1798 ibi
1078 1741 1176 1798 laetum
1190 1752 1232 1799 est
1243 1743 1309 1798 illud
1362 1726 1434 1800 (ΜιιΓ
1435 1746 1458 1783 ⁶·
1474 1746 1529 1796 ΚΝ»
1544 1731 1627 1805 l-id),
1641 1744 1692 1791 ⁰¹⁰·
1708 1737 1792 1793 Enim
1808 1741 1850 1796 ¹¹¹⁰
1865 1743 1934 1798 ¹⁰¹⁰?
1944 1746 2007 1801 muli
2022 1750 2091 1818 d¹¹⁰⁴i
2105 1751 2149 1806 dl·

519 1830 669 1886 corruitium
687 1831 730 1887 ubi
745 1829 778 1886 de
793 1823 926 1902 unguento
940 1832 1057 1902 pretioso
1070 1831 1099 1887 lit
1111 1845 1308 1888 commemora-

521 1923 573 1987 tio;
591 1921 650 1978 inde
664 1922 737 1977 venit
755 1922 948 1994 ierosolymam
969 1922 1068 1979 sedens
1086 1939 1168 1994 snper
1179 1923 1307 1990 asellum

518 2013 615 2068 deinde
629 2022 719 2081 postea
732 2020 860 2083 geruntur
873 2028 908 2069 ea
918 2030 977 2085 quat
990 2022 1097 2070 narrant
1110 2023 1169 2085 post
1181 2013 1251 2070 lnrne
1262 2013 1310 2068 ad-

521 2113 627 2160 umnam
643 2103 700 2173 ejrts
713 2102 890 2174 ierosolymis
908 2113 992 2174 gesta.
1005 2105 1045 2160 Ex
1062 2103 1108 2160 ilio
1125 2087 1189 2177 eigo
1202 2103 1309 2174 dieque

521 2194 592 2248 uenit
606 2194 633 2248 in
653 2192 807 2249 Betlraniam
829 2201 907 2264 angue
928 2193 992 2249 iliud
1009 2194 1043 2249 de
1063 2203 1197 2266 unguento
1212 2194 1308 2248 laetum

520 2292 580 2351 ost,
596 2299 678 2356 usque
691 2283 724 2338 ad
737 2283 806 2339 diem
819 2299 871 2355 quo
886 2284 935 2339 ista
951 2285 1038 2340 omnia
1052 2293 1128 2356 gesta
1146 2292 1226 2355 atque
1238 2283 1309 2340 dieta

520 2384 600 2442 suttt,
617 2375 809 2446 intelligimus,
822 2376 903 2430 etiarn
924 2375 1102 2445 Euangelistis
1121 2390 1174 2431 non
1189 2389 1308 2431 comme-

520 2468 703 2535 morantibus,
718 2477 904 2539 eotrsumptum
923 2467 1007 2523 luisse
1025 2468 1205 2538 quatriduum,
1224 2478 1308 2523 utoe·

519 2568 638 2615 curreret
650 2559 708 2615 dies
720 2573 798 2630 quern
810 2568 871 2614 ante
885 2558 992 2614 biduum
1005 2557 1113 2614 Basehm
1126 2557 1179 2613 dno
1194 2557 1307 2613 delinie-

519 2659 590 2705 runt.
611 2649 696 2706 Lucas
716 2658 804 2707 autem
828 2664 888 2704 eum
912 2649 959 2714 ait,
981 2648 1206 2720 Appropinquuiat
1223 2657 1308 2702 antem

518 2740 573 2793 dies
581 2744 657 2810 festus
666 2749 823 2812 azymorum,
836 2754 888 2793 non
901 2738 1032 2809 expressit
1041 2739 1149 2795 arduum
1162 2756 1169 2792 ι
1183 2738 1230 2795 sed
1239 2739 1309 2795 banc

520 2834 752 2904 propinquitatem,
768 2847 846 2903 qaam
863 2831 1092 2900 commemorauit,
1109 2832 1136 2886 in
1154 2831 1212 2902 ipso
1226 2831 1307 2887 inter·

520 2924 590 2978 undo
601 2922 672 2977 bidui
686 2920 812 2978 debemus
820 2919 951 2990 aeeipere.
960 2920 1076 2976 ioannes
1085 2935 1150 2976 uero
1158 2935 1217 2975 eum
1230 2920 1305 2988 dieit,

520 2999 837 3066 PrositnumcratPascita
847 3009 997 3066 iudeorum
1019 3007 1111 3081 (ioan.
1123 3025 1160 3076 ut,
1181 3007 1239 3080 55),
1253 3027 1306 3065 non

519 3102 569 3156 boc
580 3101 689 3157 biduum
712 3100 770 3157 uolt
784 3101 893 3173 intedigi
906 3142 914 3169 ,
929 3101 977 3158 sed
992 3115 1039 3158 sex
1052 3101 1108 3158 dies
1121 3109 1183 3157 ante
1195 3101 1306 3158 Pascha.

518 3191 650 3257 Proinde,
665 3205 725 3246 cum
739 3191 861 3263 quedam
883 3199 944 3261 post
958 3191 1009 3247 hoe
1022 3191 1123 3248 dietum
1141 3206 1306 3248 commemo·
1322 3219 1328 3225 -<

517 3290 621 3350 rasset,
642 3290 704 3338 tune
723 3282 778 3353 jam
793 3282 886 3338 uolens
904 3282 1045 3339 ostendere
1062 3296 1141 3353 quam
1156 3283 1306 3353 proximum

517 3371 599 3427 luisse
612 3371 712 3427 Pascha
730 3370 862 3428 dixisset:
882 3371 958 3427 iesus
976 3388 1035 3444 ergo
1052 3381 1108 3426 ants
1121 3388 1166 3428 sea
1178 3370 1248 3440 dics,
1264 3373 1306 3428 in·

516 3465 587 3533 quit,
604 3462 721 3530 Pascite,
737 3463 801 3518 uenit
820 3463 846 3518 iu
865 3461 1024 3531 bethaniam,
1042 3461 1085 3517 uhi
1097 3461 1180 3533 [uerat
1193 3461 1307 3518 Luwrus

516 3564 639 3622 mortuus,
649 3570 722 3624 quern
731 3553 859 3609 suscitarit
872 3551 948 3609 iesus
961 3551 1016 3626 (ld.
1028 3568 1076 3617 ιιι,
1089 3554 1115 3620 i,
1125 3550 1165 3626 2).
1179 3551 1308 3609 Fecerunt

515 3655 600 3699 autern
612 3644 793 3700 cicoenautibs'.
808 3644 864 3699 lloe
879 3643 944 3700 illnd
954 3652 993 3700 est
1008 3643 1079 3715 quod
1095 3653 1307 3715 commemorant

515 3738 722 3809 reeupitalantes
732 3735 872 3792 Mattheus
880 3744 907 3792 et
917 3734 1031 3802 ilareas,
1044 3750 1103 3791 enm
1112 3734 1167 3805 jam
1177 3734 1307 3790 dixissent

516 3836 577 3895 post
589 3827 698 3882 biduum
713 3827 828 3882 loturum
848 3824 960 3881 Pascha.
975 3825 1185 3896 necaptrutanuo
1196 3840 1261 3896 ergo
1272 3824 1305 3880 sd

516 3920 590 3973 illum
603 3920 674 3975 diem
688 3919 801 3975 redeunt
812 3919 838 3974 in
852 3918 1009 3975 Bethaniam
1024 3959 1032 3988 ,
1045 3919 1091 3990 qui
1111 3927 1167 3976 erat
1180 3929 1243 3976 ante
1257 3935 1306 3976 sex

514 4009 574 4066 dies
586 4009 706 4075 Pascha,
716 4018 742 4065 et
753 4018 863 4064 narrant
874 4009 945 4080 qaod
954 4009 1071 4066 ioannes
1084 4008 1118 4065 de
1128 4024 1204 4066 eoerra
1216 4019 1244 4066 et
1257 4026 1306 4065 un·

515 4109 614 4170 guento
628 4116 635 4153 a
650 4099 721 4155 unde
731 4108 860 4155 tenturus
870 4108 929 4155 erat
940 4098 1144 4172 ierosolymam,
1155 4107 1181 4154 et
1192 4100 1306 4170 pemeus

508 4189 571 4252 ¹illie
582 4204 641 4261 quse
655 4197 762 4245 narmta
776 4198 858 4254 sunt,
872 4196 1050 4259 peruenturus
1062 4189 1095 4244 ad
1109 4188 1179 4244 diem
1193 4189 1237 4259 qui
1248 4196 1307 4244 erat

515 4288 578 4334 aitte
595 4278 703 4335 biduum
718 4279 827 4334 Pasebe
837 4317 845 4344 ,
857 4278 927 4334 unde
941 4278 983 4334 isti
997 4277 1109 4349 digressi
1123 4288 1204 4347 suut,
1221 4289 1250 4335 at
1263 4293 1306 4335 re·

514 4369 684 4440 capitulanda
703 4376 945 4426 commemorarent
958 4367 1028 4439 quod
1051 4375 1113 4424 ante
1133 4369 1160 4423 in
1177 4367 1306 4425 Bethania

515 4460 550 4514 de
563 4468 696 4531 unguento
704 4468 807 4531 gestum
816 4465 874 4526 est;
885 4459 960 4531 euius
971 4459 1010 4514 rei
1022 4467 1129 4531 peraeta
1142 4461 1304 4530 narratione,

516 4551 580 4605 illue
590 4551 684 4606 iterum
696 4549 817 4618 redeunt,
829 4549 900 4607 unde
913 4550 1026 4623 digressi
1038 4550 1153 4619 inerant,
1168 4551 1195 4608 id
1208 4560 1259 4621 est,
1275 4563 1305 4610 ut

515 4640 571 4712 jam
583 4656 670 4698 sermo
690 4641 796 4698 Domini
816 4650 957 4708 narretur,
972 4657 1051 4713 quem
1072 4641 1164 4699 babuit
1179 4653 1242 4701 ante
1263 4645 1305 4701 bi-

515 4731 599 4787 duam
609 4732 725 4790 Paschae.
735 4733 832 4790 liamsi
847 4733 970 4789 usitamus
980 4733 1111 4791 demedio
1121 4734 1191 4806 quod
1202 4745 1305 4807 gestum

516 4822 544 4878 iu
560 4824 687 4880 Bethania
700 4824 880 4898 digredientes
898 4825 931 4881 ab
947 4824 1042 4881 ordine
1060 4825 1203 4884 recolendo
1220 4836 1248 4883 et
1261 4843 1305 4886 re-

515 4915 683 4987 capitulando
692 4926 842 4994 narrarunt,
856 4925 883 4974 et
894 4917 980 4988 ipsum
990 4916 1112 4973 ordinem
1121 4926 1304 4989 contexamus,

516 5009 553 5063 ita
571 5024 661 5065 sermo
674 5008 796 5079 dirigitur
807 5008 952 5065 seeundum
964 5007 1115 5063 hlatthseum
1134 5008 1238 5065 dicente
1250 5010 1305 5066 Bo·

516 5100 589 5156 utino
601 5116 608 5153 :
621 5099 698 5156 Scitis
707 5100 766 5172 guia
777 5109 833 5172 post
840 5098 943 5154 biduum
955 5098 1056 5154 Pascha
1063 5099 1116 5169 fiet,
1129 5109 1153 5154 et
1164 5098 1248 5156 Filius
1260 5100 1306 5156 ito·

514 5189 590 5246 artinis
611 5189 733 5258 tradatur,
755 5199 783 5244 ιιι
798 5190 977 5264 prucifigatur.
996 5187 1069 5244 Tunc
1083 5189 1227 5262 congregati
1246 5198 1306 5245 sunt

515 5281 642 5354 principes
656 5281 814 5337 sacerdotum
828 5290 852 5335 rt
866 5280 975 5335 seniores
987 5278 1074 5352 populi
1088 5279 1114 5334 in
1127 5280 1219 5335 atrium
1232 5280 1305 5350 priu-

514 5373 578 5442 cipss
595 5371 771 5438 sacedotum,
785 5372 828 5446 qui
844 5370 973 5427 dictitatur
991 5369 1120 5444 Chiphas,
1136 5382 1159 5426 st
1173 5372 1304 5427 constitut

516 5465 639 5537 sarmul,
655 5473 682 5519 ιιι
692 5464 781 5520 iesum
794 5464 853 5519 doio
865 5472 975 5520 tererem
986 5472 1011 5520 et
1022 5463 1170 5520 occiderent.
1184 5463 1305 5520 [licuisset

514 5567 610 5623 autem,
626 5556 686 5613 Nos
697 5557 724 5613 in
737 5558 779 5613 die
787 5560 868 5629 festu·
880 5573 912 5612 ne
923 5555 988 5627 [ortt
1000 5556 1120 5613 tumultus
1133 5557 1204 5628 fieret
1215 5557 1242 5613 in
1257 5574 1305 5630 po·

516 5648 587 5710 puio.
607 5646 678 5703 Tunc
692 5647 754 5704 adiit
767 5663 833 5703 unus
851 5646 883 5702 tic
895 5647 1045 5716 duodecim,
1058 5648 1102 5719 qui
1120 5647 1211 5703 dicitur
1220 5646 1305 5704 iudas

515 5737 655 5807 Scariotlt,
679 5739 714 5794 sd
740 5739 865 5812 pdncipcs
893 5737 1050 5794 merdotunt
1076 5736 1087 5812 (
1099 5738 1191 5795 liattlt.
1218 5754 1302 5803 xxti,

514 5830 621 5903 2-tt),
643 5839 694 5887 ote.
710 5830 781 5888 lnter
800 5829 865 5885 illud
885 5829 956 5884 enim
975 5827 1046 5900 qrrod
1063 5828 1163 5886 dietum
1185 5839 1243 5897 est,
1262 5829 1304 5889 Ne

515 5922 637 5978 tmttaltus
646 5922 715 5993 parm
724 5923 751 5978 ia
762 5918 971 5994 popuio,etillud
981 5917 1051 5990 quod
1061 5918 1160 5976 dietum
1170 5930 1221 5989 est,
1233 5920 1304 5978 Tune

514 6013 576 6070 atttt
589 6029 656 6070 unus
672 6014 704 6070 ds
716 6011 867 6081 duodecim,
878 6011 923 6083 qai
939 6009 1031 6066 dicitur
1041 6007 1144 6077 iudas,
1160 6010 1304 6082 interposi·

1361 1828 1433 1875 ctum
1448 1830 1498 1889 est,
1511 1822 1554 1878 tit·
1565 1825 1630 1894 sorte
1641 1829 1763 1884 tutttuitus
1774 1832 1843 1896 tieret
1853 1837 1950 1904 populi,
1962 1847 1989 1892 et
2002 1840 2063 1896 illud
2079 1845 2148 1911 quttd

1361 1914 1547 1982 adjunximus,
1564 1915 1598 1970 bt
1610 1915 1695 1972 iudas
1717 1919 1862 1978 Scariothes
1880 1942 1946 1980 unus
1965 1944 1996 1983 es
2007 1929 2148 1998 duodecim,

1361 2006 1475 2073 positum
1499 2017 1540 2062 est
1560 2008 1623 2065 iilud
1646 2010 1680 2066 de
1701 2009 1838 2080 Bethania,
1859 2017 1930 2085 quod
1949 2018 2148 2089 recapitulando

1361 2093 1493 2151 dixerunt.
1510 2097 1594 2154 Lucas
1612 2116 1676 2157 sane
1690 2101 1775 2172 ipsam
1788 2120 1850 2161 rem
1865 2116 1967 2179 gestam
1982 2109 2009 2165 in
2021 2110 2149 2169 Bethania

1361 2187 1540 2255 pretermisit.
1555 2189 1618 2245 liaeo
1631 2191 1745 2249 diximus
1765 2201 1875 2264 propter
1887 2212 1934 2252 sex
1948 2197 2007 2256 dies
2025 2210 2087 2258 ante
2099 2202 2149 2256 Pa-

1361 2276 1434 2345 selra,
1445 2293 1511 2349 quos
1521 2279 1589 2335 dixit
1600 2281 1725 2350 ioannes,
1735 2299 1795 2339 eunt
1807 2285 1832 2340 in
1842 2285 1968 2344 Bethania
1979 2304 2036 2345 rem
2048 2299 2149 2362 gestam

1361 2378 1497 2436 narraret;
1509 2379 1537 2425 et
1552 2370 1661 2427 biduum
1678 2383 1741 2430 ante
1753 2375 1873 2444 Pascha,
1887 2378 1958 2448 qttod
1972 2379 2110 2437 llatthaeus
2122 2392 2149 2443 et

1362 2457 1464 2515 ilareus
1473 2460 1607 2530 dixerunt,
1619 2477 1678 2517 eum
1690 2475 1750 2534 post
1760 2466 1831 2522 lroea
1840 2483 1869 2524 se
1878 2469 1977 2526 dietum
1989 2472 2053 2528 iilud
2064 2474 2148 2544 ipsunt

1360 2548 1386 2603 in
1399 2549 1524 2606 iietbania
1533 2553 1603 2622 quod
1614 2552 1740 2622 ioannes,
1754 2571 2004 2628 eortrnternorarent.

1360 2638 1473 2696 catut
1490 2639 1608 2696 hxtttx.
1627 2671 1664 2682 -
1681 2643 1722 2698 Be
1734 2662 1804 2701 coetta
1821 2649 1847 2702 in
1859 2647 1982 2705 Bethania
1995 2651 2037 2706 uit
2053 2656 2146 2708 mulier

1395 2739 1522 2800 unguento
1536 2733 1644 2803 pretioso
1653 2733 1790 2790 Boutinunt
1800 2739 1927 2808 perfudit,
1944 2743 2070 2810 quomodo
2086 2745 2148 2799 inter

1395 2837 1422 2875 se
1440 2833 1580 2893 congruant
1598 2824 1750 2895 Mattheus,
1765 2827 1868 2885 Morcus
1878 2841 1901 2884 et
1909 2830 2022 2889 ioannes
2033 2875 2041 2901 ,
2054 2844 2077 2889 et
2088 2853 2148 2905 quo·

1395 2911 1470 2964 modo
1481 2912 1557 2968 Luce
1565 2930 1615 2969 non
1623 2916 1784 2971 adaersemnr
1797 2920 1848 2973 tale
1859 2921 1956 2992 aliquid
1974 2923 2025 2979 aiio
2038 2935 2148 2997 tentport

1394 3004 1607 3080 contutantorunti.

1396 3091 1457 3148 iil.
1478 3093 1603 3163 Sequitur
1611 3111 1675 3165 ergo
1688 3095 1826 3154 llattltmns
1840 3099 1873 3155 ab
1886 3115 1918 3156 eo
1933 3100 2002 3173 loeo,
2014 3103 2057 3160 ubi
2068 3106 2147 3165 linem

1360 3180 1511 3239 leceramus
1525 3184 1728 3241 considerandas
1747 3188 1923 3256 narrationis,
1942 3199 1971 3248 et
1979 3193 2044 3249 dicit
2056 3213 2064 3250 a
2077 3193 2147 3252 Tune

1359 3276 1503 3347 congregati
1512 3286 1569 3330 sunt
1579 3277 1704 3349 prittcipcs
1719 3280 1876 3336 mcerdotum
1893 3293 1917 3338 et
1930 3287 2041 3342 seniores
2057 3290 2145 3360 popuii

1358 3363 1386 3419 in
1397 3366 1490 3420 atrium
1498 3367 1620 3438 mancipis
1627 3370 1795 3435 mccrdotum,
1808 3372 1852 3440 qui
1862 3372 1989 3430 dicebatur
1999 3377 2147 3446 Crinissum

1359 3460 1491 3515 consilium
1502 3461 1612 3530 peceant
1623 3458 1744 3515 stieaunt
1757 3462 1816 3518 doio
1828 3473 1948 3534 mancat,
1960 3477 1982 3522 st
1995 3469 2146 3525 occiderent.

1359 3551 1480 3606 Bicehant
1499 3560 1599 3615 autent,
1623 3551 1684 3607 Non
1695 3553 1721 3607 in
1734 3554 1776 3609 die
1792 3557 1874 3626 testo,
1899 3575 1930 3614 ns
1948 3561 2013 3630 [orm
2027 3565 2147 3619 tuntultus

1358 3643 1428 3713 ficret
1439 3643 1465 3697 in
1475 3643 1579 3715 populo.
1591 3640 1655 3698 Cum
1666 3653 1749 3698 autem
1759 3656 1822 3700 esset
1835 3646 1910 3704 iesus
1924 3649 1952 3705 in
1969 3651 2108 3722 Bctltania,
2121 3655 2148 3712 iu

1358 3735 1433 3790 domo
1453 3735 1566 3790 Simonis
1576 3735 1684 3807 leprosi,
1699 3737 1803 3792 mansit
1815 3737 1850 3792 ud
1868 3755 1926 3794 eunt
1943 3743 2035 3797 ntulier
2053 3745 2148 3800 bainus

1357 3826 1512 3881 aichadrum
1519 3828 1641 3900 unguenti
1648 3829 1793 3900 pretiosusi
1802 3829 1974 3903 effuditsuper
1983 3846 2059 3905 caput
2068 3837 2148 3908 ipsius

1357 3916 1540 3984 retundentia,
1563 3927 1627 3984 ete„
1651 3933 1735 3990 usque
1753 3919 1786 3974 ad
1801 3921 1865 3977 illud
1878 3923 1921 3978 ubi
1940 3923 1994 3988 ait,
2010 3925 2114 3981 Dicetur
2123 3933 2148 3982 ct

1357 4007 1425 4076 quod
1436 4005 1490 4061 ltoec
1500 4007 1560 4079 [seit
1576 4009 1603 4062 iu
1621 4010 1766 4064 memorium
1776 4011 1831 4080 ejus
1841 4011 1946 4082 (burst.
1959 4030 2041 4081 xxva,
2057 4017 2146 4082 atu).

1357 4095 1433 4152 Nune
1447 4096 1502 4165 jam
1521 4097 1555 4153 de
1575 4097 1687 4153 muliere
1704 4107 1783 4169 atque
1794 4112 1928 4170 unguento
1941 4104 2058 4173 pretioso
2075 4108 2145 4175 quod

1358 4188 1384 4243 in
1400 4188 1527 4244 Bethania
1542 4198 1645 4260 gestum
1665 4197 1724 4258 est,
1738 4191 1949 4248 consideremus.
1969 4194 2058 4250 hirtas
2075 4199 2146 4256 enim

1357 4280 1478 4350 quamuis
1490 4279 1577 4335 simile
1591 4278 1690 4336 laetum
1700 4291 1908 4351 commemoret,
1920 4299 2070 4357 nomenque
2081 4302 2146 4344 eon-

1357 4368 1447 4425 seniat
1459 4369 1527 4439 elas,
1543 4368 1613 4441 apud
1631 4386 1711 4442 quem
1729 4371 1918 4429 conuiuabatur
1931 4375 2074 4444 Bominus;
2085 4394 2146 4438 nant

1358 4469 1385 4515 et
1398 4459 1484 4530 ipsum
1498 4458 1633 4516 Simonem
1646 4461 1711 4517 dieit
1727 4479 1735 4517 ι
1751 4471 1838 4519 tamen
1851 4465 1912 4535 quia
1927 4481 1980 4522 nou
2000 4476 2041 4523 est
2051 4479 2145 4526 eontra

1358 4551 1539 4608 naturam-vel
1562 4561 1655 4608 eontra
1673 4568 1775 4608 morem
1790 4554 1946 4624 hominum,
1971 4567 2001 4613 ut
2016 4560 2039 4615 si
2059 4569 2146 4630 potest

1358 4655 1426 4696 unus
1440 4640 1522 4696 homo
1532 4641 1631 4699 habere
1642 4643 1750 4698 nomina
1763 4641 1816 4699 duo
1827 4684 1836 4709 ‚
1848 4646 1933 4702 multo
1946 4649 2030 4718 magis
2044 4651 2146 4719 possint

1357 4741 1386 4789 et
1398 4749 1481 4789 unum
1494 4748 1591 4790 nomen
1599 4733 1698 4791 hahere
1712 4734 1836 4791 homines
1846 4736 1914 4802 duo:
1923 4739 2145 4808 potiaseredibils

1357 4823 1399 4881 e'st
1412 4824 1494 4880 atium
1503 4822 1586 4880 luisse
1597 4823 1672 4880 illum
1684 4823 1820 4881 &monem
1835 4840 1888 4881 non
1900 4827 2045 4897 leprosum,
2061 4829 2088 4884 in
2099 4844 2144 4886 eu.

1355 4915 1400 4986 jus
1411 4915 1492 4971 domo
1503 4914 1554 4970 hoe
1566 4915 1592 4970 ia
1607 4901 1735 4972 Bethania
1749 4915 1899 4987 gerebatur.
1914 4917 1981 4974 Nam
1994 4935 2044 4975 nee
2056 4919 2143 4976 Lucas

1358 5005 1383 5060 in
1400 5003 1528 5061 Bethania
1541 5019 1597 5060 rem
1608 5013 1711 5076 gestam
1722 5005 1884 5077 dicitrinum
1894 5019 1984 5064 narrat
1997 5026 2004 5064 :
2019 5017 2048 5066 et
2057 5026 2144 5081 quant·

1358 5094 1399 5150 vis
1410 5108 1463 5149 non
1475 5102 1666 5152 commemoret
1674 5094 1808 5152 ciuitatem
1822 5105 1869 5152 aut
1881 5099 2032 5166 castellum,
2047 5103 2093 5158 ubi
2103 5102 2144 5158 la·

1357 5192 1431 5240 etum
1445 5184 1494 5250 sit;
1520 5192 1608 5240 tamen
1630 5199 1684 5241 uon
1698 5184 1803 5242 ridetur
1813 5187 1839 5242 in
1854 5187 1949 5244 οοιισιιι
1969 5189 2028 5246 loeo
2041 5193 2143 5249 rersml

1357 5274 1554 5344 eiusnarratio.
1567 5274 1640 5332 Nihil
1653 5276 1742 5349 itaque
1761 5276 1832 5334 uliud
1852 5278 2050 5351 intelligendum
2071 5283 2145 5338 arbi-
2208 5305 2211 5310 ·

1358 5372 1430 5433 tror,
1451 5364 1502 5421 nisi
1522 5380 1575 5420 noo
1589 5365 1697 5436 quidem
1716 5367 1797 5424 ubam
1811 5367 1892 5425 luisse
1911 5371 2066 5439 mulierem,
2086 5389 2145 5444 qam

1357 5459 1492 5532 peeeatrix
1505 5466 1567 5515 tuuc
1578 5459 1693 5516 secessit
1704 5459 1738 5516 ad
1751 5459 1914 5532 pedesieuu,
1929 5471 1957 5519 et
1966 5465 2082 5519 oseuluta
2092 5474 2143 5529 est,

1356 5560 1384 5606 et
1395 5551 1458 5607 lavit
1469 5549 1605 5624 herroris,
1619 5559 1647 5608 et
1656 5551 1850 5625 tersiteapiliis,
1864 5562 1892 5610 et
1905 5556 1981 5610 uttxit
1993 5565 2141 5626 unguanto;

1356 5642 1400 5698 eui
1410 5642 1538 5699 Bominus
1547 5641 1665 5698 adhibita
1675 5643 1848 5700 similitudine
1860 5643 1893 5698 de
1905 5643 2009 5699 duobus
2018 5642 2131 5698 debitori

1357 5733 1417 5799 bns,
1432 5733 1471 5790 ait
1483 5732 1594 5792 dimissa
1607 5747 1669 5792 esse
1683 5743 1790 5805 peeeata
1803 5733 1902 5799 multa,
1916 5732 2041 5803 quoniam
2050 5730 2141 5787 dilexit

1356 5826 1470 5884 multum
1481 5843 1489 5882 z
1502 5826 1550 5884 sed
1565 5826 1686 5886 muudum
1701 5825 1810 5880 Uariam
1822 5823 1863 5878 bis
1876 5821 1927 5878 boe
1940 5821 2045 5887 lesisse,
2059 5822 2142 5877 semel

1356 5920 1459 5978 scilieet
1476 5917 1548 5990 quod
1569 5917 1655 5975 Lucas
1670 5914 1800 5978 narrarit,
1825 5925 1885 5967 eum
1906 5913 1993 5980 primo
2013 5911 2143 5970 awdeus

1356 6025 1417 6068 eum
1439 6009 1483 6066 illa
1501 6007 1649 6066 hunnilitate
1667 6015 1695 6063 et
1712 6003 1835 6077 lacrymis
1860 6003 1958 6058 uremit
1975 6014 2143 6074 peecatorum

515 6089 1303 6174 umetiumueoenana‚quoarteptuantotrxentt=
1357 6099 1542 6157 amisionem
1556 6097 1632 6169 (tto.
1648 6093 1820 6162 mactat.
1834 6091 1901 6148 nam
1915 6091 2141 6157 auertendo,

514 6211 570 6269 quo
588 6213 636 6254 nos
647 6197 834 6270 pretermisso
853 6193 1038 6254 matesuimus
1059 6193 1256 6262 narrationem,
1275 6189 1305 6250 ιιι
1348 6191 1479 6264 ‚quamtis
1490 6207 1544 6248 non
1556 6183 1947 6256 sieutbuemgnemadmodum
1960 6181 2056 6242 laetum
2068 6194 2143 6242 esset

515 6288 712 6350 iasirruarernm
723 6305 775 6348 nan
788 6301 935 6364 repagatus
947 6283 1068 6345 oudhtem
1087 6291 1246 6360 temporam.
1260 6283 1305 6344 se-
1360 6285 1526 6349 narrsrertt,
1543 6291 1631 6338 nmen
1647 6277 1733 6350 ipsam
1743 6275 1852 6334 ttartan
1864 6273 2055 6364 commendans
2066 6290 2142 6346 eota·

813 6619 901 6654 Δ.
