5709 7534
828 733 838 766 l

612 797 657 858 ut
792 797 821 842 t·
1295 804 1393 859 mum
1412 803 1531 861 nosos.
2189 781 2241 871 ιιι

610 911 751 983 polluuntur.
769 910 855 968 Unam
871 925 935 966 sorae
950 911 1063 978 linguam
1079 912 1200 981 primitus
1212 912 1293 968 luisse
1305 913 1400 969 didici·
1454 914 1565 971 curtlr
1576 915 1643 971 xltl.
1658 948 1693 959 -
1705 918 1835 976 formatio
1849 922 1960 980 ιιιιιιῐετιι
1970 939 2000 981 eo
2019 924 2094 980 ruodo
2110 941 2160 992 ouo
2179 944 2238 981 aar·

611 1014 680 1065 urus,
705 1007 850 1071 antequam
869 1000 992 1070 superbio
1008 1001 1087 1056 turris
1101 1002 1171 1056 illius
1192 1010 1251 1071 post
1273 1000 1400 1056 diluvium
1524 1016 1595 1061 retur
1606 1012 1675 1079 [acta
1687 1018 1738 1077 eat,
1751 1023 1777 1065 ut
1790 1013 1919 1083 quidpiam
1928 1016 2148 1086 pronuntiaretur.

611 1090 757 1156 tubricatm,
770 1090 797 1144 iu
814 1088 936 1143 diversos
944 1090 1077 1158 signorum
1090 1088 1319 1145 sonoslrumanam
1332 1089 1401 1145 diti·
1488 1096 1533 1151 23.
1549 1097 1616 1164 Quid
1630 1113 1693 1170 ergo
1708 1101 1758 1155 sibi
1776 1102 1832 1156 vult
1849 1104 1928 1159 etiam
1949 1106 2032 1172 illud,
2053 1106 2125 1177 quod
2146 1107 2240 1163 mulier

609 1180 684 1236 deret
697 1179 855 1234 unientem
870 1176 954 1250 (Gor.
969 1194 1006 1243 ιι,
1020 1178 1067 1234 tu
1078 1179 1098 1249 ).
1114 1178 1292 1249 Quacumque
1313 1187 1400 1233 autern
1454 1185 1511 1239 riro
1524 1186 1558 1241 do
1571 1186 1655 1245 latere
1673 1188 1741 1244 iacta
1761 1192 1820 1246 esti
1837 1192 1933 1248 Verum
1949 1205 2009 1250 esto
2025 1205 2141 1266 propter
2158 1198 2241 1268 ipsius

610 1272 652 1326 illa
662 1271 754 1342 lingua
765 1270 856 1335 inerit,
867 1268 930 1340 quiid
943 1271 1036 1326 attinet
1047 1269 1188 1340 quaerere?
1199 1269 1244 1324 llla
1254 1278 1325 1325 rorte
1339 1278 1402 1326 tune
1453 1276 1647 1343 eortiunetionis
1660 1278 1713 1333 rint
1727 1282 1961 1340 commendandam
1975 1284 2025 1341 boe
2036 1286 2072 1342 ita
2090 1286 2147 1343 deri
2160 1301 2240 1357 opor·

609 1358 769 1429 l⁰tl¹¹0b²¹ur
792 1357 877 1414 Adam
889 1399 896 1421 ι
909 1365 938 1413 02
956 1358 983 1412 in
1003 1372 1035 1414 ω
1049 1358 1154 1429 linita,
1169 1358 1192 1411 Si
1211 1357 1298 1412 adhuc
1318 1372 1401 1428 usque
1454 1364 1536 1421 tuisse
1545 1366 1698 1433 credamus3
1714 1370 1839 1439 numquid
1853 1372 1932 1427 etiam
1947 1380 1977 1428 ut
1988 1374 2128 1431 dormienti
2144 1377 2237 1444 lieret,

610 1459 760 1523 peratanet,
775 1458 839 1506 sunt
854 1449 913 1505 iste
931 1465 1010 1506 voees
1023 1451 1179 1522 articulatae,
1192 1451 1288 1520 quibus
1301 1451 1401 1521 primus
1453 1454 1547 1510 eudem
1559 1456 1627 1512 rotie
1639 1457 1679 1513 rel
1694 1447 1999 1532 necessitasilagltaba13
2015 1470 2044 1519 ut
2053 1463 2167 1537 denique
2177 1482 2238 1523 osse

609 1540 860 1599 lromoanimalibus
869 1541 1039 1597 terrestribus
1047 1549 1074 1596 et
1083 1541 1231 1597 volatilibus
1242 1543 1348 1596 nentina
1356 1542 1401 1595 im-
1453 1544 1581 1611 derecto,
1593 1547 1620 1602 in
1632 1548 1707 1619 euius
1718 1550 1805 1605 locum
1815 1566 1877 1606 earo
1889 1551 2074 1622 suppleretur?
2084 1554 2153 1610 Num
2167 1558 2240 1612 maian

608 1633 705 1704 posuit.
716 1631 787 1688 Num
794 1632 1018 1703 igiturullonaodo
1026 1632 1153 1688 credibile
1160 1640 1211 1697 est,
1221 1633 1247 1686 iu
1255 1632 1401 1689 eademlin·
1452 1649 1505 1691 non
1519 1636 1603 1706 potuit
1617 1638 1672 1708 ipsa
1691 1654 1754 1695 caro
1767 1640 1887 1708 detrahi,
1907 1649 1936 1698 ut
1954 1642 2016 1699 inde
2038 1647 2238 1715 congruentius,

607 1738 655 1794 gua
664 1719 775 1778 oomim
785 1721 897 1792 piscium
910 1736 962 1778 ιιοιι
970 1722 1003 1777 ab
1012 1721 1401 1789 homineseddivinitusinsti·
1453 1726 1523 1796 quod
1536 1727 1571 1782 sit
1584 1742 1664 1784 sexus
1675 1730 1812 1798 inllrntior,
1828 1731 1922 1788 mulier
1932 1730 2108 1789 formaretur?
2121 1736 2164 1804 lln
2175 1750 2237 1793 roro
2292 1780 2296 1795 ,

608 1820 672 1879 uta,
680 1827 744 1883 qum
754 1810 929 1868 beodoeente
937 1810 1326 1883 bomoposteadisceretlQuod
1334 1813 1356 1868 si
1364 1812 1401 1869 ita
1452 1822 1506 1871 tarn
1526 1816 1616 1872 multis
1629 1817 1744 1887 additis,
1765 1830 1866 1876 oostatn
1888 1821 1957 1878 Deus
1972 1820 2104 1879 aediilcare
2117 1825 2201 1894 potuit
2214 1826 2240 1878 iu

607 1900 1401 1973 ctiamlaetumcsset,quaroitaiuetumesset,proculdubio
1453 1906 1611 1975 mulierem,
1625 1918 1652 1964 et
1671 1924 1777 1966 carerent
1793 1911 1932 1983 pulpamve
1952 1928 2005 1969 non
2027 1914 2129 1983 potuit,
2149 1916 2193 1985 qui
2207 1915 2241 1971 de

607 1990 1098 2068 mysticasigtriiicttioresonaret.setl
1107 1992 1268 2049 eredendum
1277 2002 1327 2058 est,
1337 2008 1402 2063 pau·
1453 1996 1561 2068 pulvere
1574 1998 1661 2068 ipsum
1684 1999 1816 2057 bominem
1838 2000 1916 2059 tocitt
1930 2005 1983 2058 Αιιι
1996 2004 2018 2058 si
2029 2003 2084 2073 jam
2095 2013 2170 2062 costa
2182 2004 2240 2061 iue-

607 2085 678 2142 latirn
684 2084 801 2155 cognitis
811 2082 921 2153 piscium
930 2081 1184 2153 generibusnonim
1193 2082 1328 2152 imposita:
1338 2091 1401 2139 tune
1452 2095 1494 2143 rat
1507 2089 1687 2159 detrahenda,
1700 2107 1748 2147 eur
1762 2107 1814 2149 non
1835 2094 1917 2149 altera
1931 2110 1979 2166 pro
1990 2110 2021 2152 ea
2035 2106 2109 2152 costa
2125 2097 2240 2168 reposita

606 2183 695 2232 autem
705 2189 768 2230 eum
783 2187 890 2244 peccem
901 2181 929 2230 et
941 2172 1042 2239 bestia,
1056 2182 1083 2228 et
1095 2172 1209 2228 volatilia
1220 2171 1253 2227 ad
1266 2171 1401 2228 bominem
1453 2177 1513 2234 cst?
1528 2178 1581 2234 Cur
1591 2180 1670 2236 etiam
1683 2196 1736 2236 non
1749 2181 1849 2239 dietum
1864 2192 1916 2254 est,
1928 2185 2027 2253 Finxit,
2041 2194 2097 2253 aut,
2111 2185 2175 2243 ieeit
2187 2188 2240 2244 sic·

606 2265 721 2324 adducta
736 2272 810 2331 sunt,
826 2271 855 2320 ut
868 2264 908 2319 eis
919 2262 953 2317 ad
966 2276 995 2317 se
1014 2264 1189 2333 congregatis,
1204 2263 1401 2333 generatimque
1454 2277 1482 2322 ut
1510 2269 1536 2323 in
1556 2270 1678 2326 omnibus
1697 2286 1777 2342 supra
1793 2273 1938 2344 operibus;
1953 2274 2021 2343 sed,
2035 2277 2185 2347 adiuuerit,
2199 2278 2241 2334 in·

606 2357 751 2422 dlstiuetis,
765 2355 874 2411 nomina
889 2354 1045 2425 imponeret,
1059 2354 1156 2425 quibus
1169 2354 1249 2410 etiam
1262 2354 1326 2426 ipsis
1340 2370 1401 2427 pau·
1452 2359 1526 2431 quit,
1545 2360 1668 2418 beluinos
1680 2361 1750 2418 Deus
1762 2364 1833 2419 illum
1846 2376 1957 2433 eostam,
1979 2383 2032 2423 non
2046 2379 2169 2439 tanquam
2182 2384 2239 2425 eor·

606 2450 691 2514 nim,
705 2456 736 2504 et
749 2446 835 2504 multe
853 2446 931 2503 eitius
948 2462 1027 2518 quam
1048 2447 1179 2517 piscibus,
1194 2447 1217 2503 si
1232 2447 1282 2504 boc
1303 2448 1400 2505 iactum
1452 2463 1502 2520 pus
1512 2449 1672 2519 humanum,
1687 2453 1735 2510 sed
1749 2461 1873 2526 ungriam
1886 2454 2015 2513 domumi
2027 2456 2085 2516 Non
2100 2469 2142 2514 est
2152 2459 2241 2530 imque

607 2552 658 2594 ooo
673 2546 759 2601 esset,
777 2546 868 2608 posset
880 2537 988 2594 nentina
997 2536 1149 2607 imponere;
1164 2536 1227 2607 quid
1241 2536 1288 2594 iuit
1302 2552 1400 2606 cause,
1453 2539 1639 2609 dubitandum,
1654 2543 1778 2614 quoniam
1792 2544 1849 2601 baee
1869 2545 1936 2602 laeta
1959 2555 2021 2602 sunt
2040 2554 2068 2603 et
2079 2546 2161 2605 stulta
2180 2561 2241 2604 esse

608 2627 657 2684 uisi
674 2627 746 2684 ratio
759 2626 860 2697 aliquid
879 2626 1055 2697 significandi,
1070 2626 1142 2697 quod
1154 2626 1187 2681 ad
1201 2627 1399 2697 pronuntiatio·
1453 2639 1639 2701 nonpossuut,
1654 2633 1796 2706 obaliquid
1806 2634 2006 2708 significandum
2019 2652 2079 2694 esse
2090 2636 2172 2705 laeta,
2187 2636 2241 2693 iru-

608 2735 669 2777 oem
692 2717 845 2775 rotumnam
859 2717 979 2774 relereti
991 2717 1039 2773 Cui
1052 2718 1091 2773 rei
1104 2719 1219 2774 ntauime
1228 2718 1294 2775 ordo
1309 2734 1401 2776 noma·
1453 2729 1524 2777 ctum
1537 2720 1617 2778 iuturi
1626 2724 1716 2780 saeculi
1730 2726 1763 2781 ab
1777 2724 1836 2796 ipso
1845 2726 1901 2797 jam
1915 2727 2059 2798 primordio
2072 2727 2177 2799 generis
2189 2727 2241 2784 bu·

610 2812 689 2868 donis
702 2809 786 2880 brejas
797 2808 927 2880 iurigilat.
1453 2812 1524 2868 maai
1538 2813 1592 2869 beo
1607 2814 1717 2884 pruscie
1730 2816 1755 2870 iu
1771 2816 1836 2885 ipsis
1848 2817 1904 2872 suis
1916 2818 2040 2890 operibus
2062 2817 2241 2874 misericordi·

641 2902 689 2958 at.
709 2900 823 2968 Deinde,
839 2898 964 2970 numquid
980 2898 1208 2970 ignorabamus,
1224 2899 1290 2955 nibil
1307 2900 1360 2957 tale
1372 2915 1402 2959 se
1454 2910 1494 2959 ter
1506 2903 1681 2974 predicante;
1697 2913 1725 2960 ut
1734 2912 1808 2961 certo
1820 2907 2034 2977 temporeservis
2045 2908 2110 2973 suis,
2124 2907 2180 2963 sire
2193 2922 2241 2977 per

609 3008 715 3051 creame
725 2993 752 3048 in
767 2990 872 3047 naturis
885 2990 1048 3058 animalium,
1063 2989 1132 3061 quod
1144 2990 1230 3046 simile
1240 2989 1401 3061 adjutorium
1453 2991 1590 3048 bominum
1602 2995 1800 3062 successiones,
1820 2996 1877 3051 sire
1899 3011 1946 3067 per
1963 3012 2039 3051 suum
2057 2996 2183 3067 Spiritum
2197 2998 2241 3054 rel

609 3091 772 3157 possetesse
791 3080 966 3137 nominituo
985 3094 1052 3150 opus
1071 3088 1169 3134 erutut
1183 3078 1326 3135 boeotiam
1345 3081 1401 3152 ipse
1454 3082 1614 3152 Angelorum
1628 3084 1804 3139 ministerium
1818 3084 1935 3140 rcrciata
1944 3094 2025 3155 atque
2038 3085 2243 3156 conscripta,et
2311 3064 2319 3080 ’

610 3173 692 3229 lromo
705 3176 898 3242 cognosceret,
919 3176 946 3223 et
964 3184 997 3225 eo
1018 3167 1270 3224 commendatiorem
1294 3169 1403 3226 baberet
1455 3171 1638 3242 promittendis
1654 3173 1731 3228 rebus
1746 3172 1841 3229 iuturis
1853 3181 1881 3230 et
1894 3175 2114 3247 recognoscendis
2128 3174 2243 3247 impletis

611 3257 1023 3329 atoremsuam,quodioomni
1036 3257 1403 3348 carneercatusubccnlo,et
1454 3260 1634 3318 testimonium
1654 3263 1848 3334 perhiberent:
1870 3262 1942 3336 quod
1964 3265 2048 3337 magis
2065 3265 2200 3337 magisque
2215 3264 2241 3319 iu

611 3353 645 3414 tle
661 3353 713 3408 boc
725 3366 788 3407 aere
798 3351 868 3406 sieut
880 3349 936 3419 ipse
952 3349 1067 3417 virente,
1083 3346 1149 3401 nibil
1161 3347 1219 3416 ejus
1229 3347 1315 3403 simile
1326 3348 1401 3405 inre·
1455 3351 1679 3421 consequentibus
1691 3351 1845 3423 apparebit.¹

609 3444 703 3514 ueriti
720 3443 816 3499 illrum
837 3441 861 3496 si
881 3440 932 3496 boc
945 3440 1016 3496 scire
1036 3455 1088 3494 ιιιιι
1103 3446 1202 3509 posset,
1219 3440 1267 3494 nisi
1281 3439 1403 3501 omnibus
1456 3438 1567 3497 eleut
1581 3440 1651 3495 lllli.
1665 3470 1701 3482 -
1716 3442 1846 3509 Quorum
1856 3442 1976 3500 attirnolio
1986 3443 2094 3499 adducto
2104 3442 2243 3498 odddmu

609 3534 643 3590 ad
658 3548 688 3589 se
707 3531 829 3588 adductis
842 3538 922 3601 :utque
937 3528 1092 3600 perspectis.
1112 3527 1140 3583 Si
1153 3528 1224 3582 enim
1245 3529 1298 3583 lieo
1312 3527 1404 3586 erede-
1489 3531 1537 3588 tt.
1563 3531 1704 3588 Videamus
1725 3547 1806 3603 ergo,
1821 3532 1891 3604 quod
1905 3533 1956 3588 isto
1969 3547 2050 3605 opere
2063 3534 2243 3604 suscepimus,

610 3626 665 3691 bat,
681 3633 772 3697 posset
787 3622 839 3678 boe
853 3622 890 3677 illi
900 3637 933 3678 eo
945 3619 1135 3687 mododicere,
1150 3620 1281 3691 quomodo
1296 3630 1323 3678 ct
1334 3636 1402 3692 parm·
1456 3638 1508 3678 non
1524 3620 1916 3693 seeundumpraeiiguretionem
1928 3638 2016 3677 rerum
2027 3620 2183 3688 suturarum,
2197 3623 2253 3677 seul*

612 3727 719 3787 ceptrum
730 3714 814 3781 dedit,
825 3711 958 3784 quomodo
968 3717 996 3767 et
1009 3720 1161 3780 peccantem
1174 3710 1354 3780 interrogarit,
1367 3717 1405 3765 at·
1456 3709 1601 3767 seeundum
1615 3724 1702 3765 rerum
1715 3718 1848 3778 gestarum
1862 3726 1915 3766 non
1928 3711 2095 3782 allegoricam
2105 3753 2113 3781 ‚
2124 3712 2172 3767 sed
2182 3727 2244 3782 pro·

610 3823 663 3880 que
672 3806 813 3880 iudicarit.
828 3803 856 3860 Si
869 3811 1022 3857 autemnon
1037 3799 1169 3865 credebat,
1188 3798 1306 3871 proiecto
1317 3815 1403 3871 nequo
1456 3800 1540 3871 priam
1552 3798 1782 3869 significationem,
1793 3797 2014 3872 quemadmodum
2024 3801 2082 3857 bure
2090 3799 2173 3871 accipi
2181 3814 2247 3871 pos-

609 3897 742 3970 ¹bucseire
756 3902 869 3967 poterat,
888 3890 1199 3948 utrumadenmomnia
1222 3889 1277 3956 ille,
1294 3890 1404 3946 euinon
1457 3888 2188 3961 sint:Etpauxillieus,inquit,odbuedeterruomaet
2205 3892 2246 3947 le·
2323 3883 2328 3896 “

610 3986 749 4062 credebat,
764 3985 922 4052 adduxerit;
935 3999 968 4039 an
989 3982 1057 4039 iot-te
1072 3983 1098 4037 in
1108 3981 1240 4053 aliquibus
1252 3982 1286 4037 ub
1300 3982 1345 4038 illo
1359 3998 1403 4039 re·
1457 3982 1521 4038 atior
1549 3982 1619 4055 apri,
1635 3990 1658 4036 et
1679 3982 1764 4037 omnio
1786 3981 1899 4037 umetilio
1915 3982 1987 4049 cott-
2007 3982 2077 4038 unde
2096 3982 2152 4054 jum
2174 3982 2245 4053 quud

611 4079 770 4150 notioribus
783 4086 862 4132 terrm
877 4075 996 4147 partibus
1012 4075 1100 4145 aliqua
1113 4074 1138 4129 ei
1160 4074 1266 4139 similia,
1279 4088 1338 4144 qum
1352 4089 1404 4129 nou
1458 4073 1542 4128 visum
1564 4080 1619 4141 est,
1641 4082 1669 4129 et
1686 4082 1812 4144 quantum
1833 4074 1917 4128 risum
1936 4081 1991 4139 est,
2006 4071 2188 4128 disseruimus.
2213 4069 2255 4126 Et.

580 4165 582 4170 ’
612 4170 838 4233 demonstrasset,
854 4165 1039 4223 absconderit..
1048 4164 1105 4221 Non
1120 4164 1209 4235 itaque
1221 4165 1338 4220 arbitror
1352 4164 1405 4220 du·
1458 4163 1564 4218 adduxit
1578 4164 1663 4217 omerio
1676 4179 1706 4217 eo
1719 4164 1755 4218 od
1765 4160 1863 4231 Mani,
1877 4173 1904 4217 ut
1917 4163 2008 4217 uideret
2019 4163 2079 4233 quid
2091 4178 2120 4216 aa
2138 4171 2246 4216 uocaret.

613 4261 751 4320 bitandum
766 4260 817 4315 buc
828 4258 942 4329 alienius
961 4256 1122 4328 prophetice
1135 4255 1334 4330 significationis
1342 4272 1405 4329 gra-
1457 4252 1595 4322 Quomodo
1607 4252 1664 4308 luee
1677 4251 1814 4308 adduxerit
1832 4252 1901 4308 Deus
1915 4251 1949 4307 ad
1964 4250 2048 4307 Adam
2061 4291 2069 4319 ,
2084 4265 2118 4306 ne
2131 4250 2246 4306 eantali·

612 4355 653 4410 tia-
663 4353 773 4420 iactum,
785 4350 832 4407 sed
843 4359 931 4406 tomen
946 4350 1054 4405 lactum.
1242 4357 1246 4366 '
1458 4354 1499 4401 ter
1513 4345 1664 4415 sapiamus,
1677 4343 1802 4415 adjurare
1818 4358 1867 4398 nos
1886 4342 1965 4398 debet
1976 4340 2047 4412 quod
2068 4340 2101 4397 tle
2122 4339 2246 4412 bipartito

646 4442 692 4500 22.
706 4441 799 4514 Neque
818 4439 871 4496 boc
893 4454 975 4511 opere
993 4438 1159 4509 suscepimus
1173 4437 1327 4509 prophetica
1341 4439 1406 4495 eni·
1457 4450 1538 4505 opere
1551 4433 1647 4489 divine
1666 4432 1838 4505 providentie
1851 4432 1878 4487 in
1891 4431 1960 4488 libro
1973 4431 2110 4501 superiore
2122 4431 2246 4485 tractati·

553 4573 562 4583 -
611 4533 699 4605 gulata
714 4529 884 4605 perscrutari,
899 4520 1192 4599 sedre'rumgestarum
1206 4527 1285 4584 iidem
1300 4529 1407 4599 adpro·
1458 4522 1605 4596 mus(Cop.
1621 4522 1768 4592 mla-tul
1782 4522 1873 4593 llequo
1889 4523 1960 4578 enim
1979 4522 2047 4578 sieut
2065 4521 2188 4594 indagant
2206 4529 2248 4576 at·

613 4625 755 4696 prietatem
770 4621 888 4677 historiae
902 4618 1100 4687 commendare,
1116 4629 1144 4673 ut
1156 4618 1226 4690 quod
1243 4619 1407 4690 impossibiie
1458 4629 1510 4685 que
1523 4614 1632 4684 adigunt
1651 4622 1777 4669 venantes
1791 4613 1831 4668 rel
1844 4619 2005 4683 aucupantes
2022 4610 2055 4666 atl
2074 4611 2159 4676 retia,
2172 4626 2247 4682 qum·
2362 4637 2364 4641 ·

615 4712 701 4769 rideri
720 4712 798 4767 ranis
810 4719 890 4780 atque
900 4707 1045 4765 incredulis
1057 4714 1154 4778 potest,
1171 4717 1215 4761 aut
1228 4707 1277 4777 ipsi
1289 4706 1406 4762 auctori·
1459 4719 1571 4774 eumque
1585 4704 1726 4757 animantia
1739 4703 1863 4774 capiunt,
1884 4702 1919 4756 ita
1934 4700 1985 4755 boc
2003 4700 2101 4756 iactum
2114 4714 2173 4756 esse
2183 4715 2247 4756 ere-

614 4803 660 4864 tell
681 4811 781 4858 sancte
804 4799 948 4871 Scriptura
968 4798 1041 4854 reiut
1064 4796 1249 4854 testilleatione
1271 4797 1405 4852 contraria
1459 4794 1642 4859 dendumes13
1657 4791 1868 4862 auctorallqua
1888 4791 2015 4860 jussionis
2032 4789 2066 4844 de
2087 4787 2158 4847 nube
2180 4787 2248 4844 iacta

612 4907 774 4966 repugnare,
790 4889 818 4947 iti
831 4905 880 4963 pro
892 4887 960 4945 meis
979 4888 1090 4955 viribus,
1110 4896 1237 4957 quantum
1249 4887 1318 4942 licus
1332 4886 1407 4957 adiu·
1459 4891 1500 4940 est
1513 4885 1553 4940 eis
1571 4883 1674 4947 rerbis,
1689 4897 1749 4952 quum
1761 4880 1903 4936 rationales
1921 4880 2017 4934 anime
2035 4877 2190 4947 audientes,
2205 4878 2249 4933 in·

613 4991 668 5052 rat,
683 4979 842 5039 disserendo
856 4978 1046 5044 demonstrem,
1059 4991 1146 5048 neque
1159 4976 1322 5047 impossibile
1335 4991 1406 5042 esse,
1461 4975 1593 5045 telligere,
1610 4983 1688 5044 atque
1702 4971 1808 5029 obedire
1818 4970 1945 5027 assolent.
1955 4968 2013 5026 lion
2023 4969 2094 5026 enim
2106 4969 2158 5027 boe
2170 4983 2250 5027 acco·

551 5143 562 5151 ,
614 5089 703 5146 neque
712 5072 894 5138 contrarium
909 5069 979 5143 quod
991 5078 1080 5124 autem
1096 5067 1221 5139 possibile
1238 5066 1344 5139 quidem
1357 5081 1406 5137 ap·
1460 5075 1557 5137 perum
1571 5075 1599 5121 ut
1612 5066 1713 5135 possint
1725 5064 1831 5131 bestie,
1845 5061 1887 5118 rel
1906 5075 1969 5118 ares
1981 5079 1988 5115 ι
2001 5060 2028 5116 iu
2040 5076 2089 5118 suo
2102 5069 2190 5117 umen
2203 5076 2249 5134 ge·

614 5173 702 5236 paret,
717 5179 768 5219 nee
779 5161 861 5218 babet
873 5161 953 5216 ullam
970 5161 1085 5230 speeiem
1101 5160 1293 5230 repugnantia,
1307 5157 1354 5213 sed
1366 5168 1407 5213 ta·
1460 5171 1525 5213 nere
1536 5159 1721 5226 obtemporant
1732 5153 1802 5220 Deo;
1818 5167 1871 5208 nnn
1886 5152 2006 5208 rationali
2020 5151 2162 5207 voluntatis
2176 5151 2249 5208 arbi·

614 5271 675 5316 men
689 5255 766 5328 quasi
784 5251 957 5324 superfluum,
970 5249 1013 5307 rel
1032 5251 1110 5307 etiam
1125 5250 1235 5305 stultum
1250 5249 1406 5321 quibusdam
1461 5248 1521 5322 trip,
1530 5248 1577 5303 sed
1584 5248 1651 5302 siem
1660 5252 1748 5301 ureret
1761 5244 1804 5300 ille
1813 5244 1902 5299 omnia
1914 5242 2077 5314 temporibus
2083 5243 2250 5314 opportunis,

613 5344 698 5401 rideri
722 5349 826 5415 potest,
847 5340 900 5398 boe
919 5341 1004 5412 ipsum
1030 5339 1120 5411 disput
1136 5339 1188 5395 ndo
1207 5339 1405 5407 demonstrem,
1461 5355 1514 5397 non
1527 5341 1584 5412 ipse
1599 5337 1780 5410 temporaliter
1793 5335 2078 5406 motus,perangelica
2091 5334 2249 5402 ttrioisteria,

614 5432 687 5505 quoti
697 5431 760 5489 ideo
770 5447 823 5487 nnn
837 5432 845 5463 ¹
861 5438 984 5500 tunquam
995 5444 1084 5485 rernm
1098 5438 1230 5508 gestarum
1241 5431 1351 5484 ttntnrali
1365 5429 1407 5485 rel
1461 5448 1520 5505 qum
1529 5414 1637 5503 capiunt
1647 5430 1673 5484 ln
1685 5429 1766 5485 uerbo
1776 5429 1835 5497 ejus
1849 5427 1911 5499 qnid
1922 5442 1976 5500 quo
1991 5437 2111 5499 temporo
2131 5428 2188 5483 iteri
2200 5427 2249 5483 de>

614 5526 713 5584 usitato
724 5522 820 5580 ordine
840 5519 939 5581 iactum
952 5526 1003 5587 est,
1020 5527 1049 5575 nt
1062 5519 1187 5575 cordibus
1199 5520 1297 5575 nostris
1310 5520 1408 5575 tidelis-
1461 5523 1544 5579 beat:
1562 5529 1590 5577 et
1610 5521 1655 5577 illo
1673 5535 1725 5575 non
1747 5519 1927 5590 temporaliter
1939 5527 2027 5585 moto,
2044 5526 2182 5573 morentur
2195 5517 2251 5586 ipsa

614 5613 680 5669 sima
704 5619 859 5669 nucarum
886 5607 1082 5680 seripturarum
1103 5607 1258 5665 auctoritate
1278 5610 1406 5680 protam,
1463 5611 1642 5685 tempotuliter
1657 5620 1685 5668 ut
1707 5611 1732 5667 in
1755 5611 1787 5666 iis
1806 5626 1866 5682 (ιιι
1887 5609 2068 5680 sibisubjecta
2088 5605 2251 5676 sunt,Jussr

614 5703 807 5778 quianullum
828 5716 890 5759 esse
913 5716 968 5758 uon
990 5709 1088 5773 potest,
1098 5702 1237 5774 mysticum
1261 5717 1321 5758 esse
1345 5717 1405 5758 cre·
1461 5704 1651 5777 ejuseilteiant.

615 5795 702 5864 datur,
723 5794 847 5869 quamvis
866 5794 924 5864 ejus
938 5793 1130 5867 expositionem
1148 5794 1188 5848 rel
1207 5793 1405 5864 inquisitionem
1496 5795 1541 5852 25.
1560 5794 1653 5851 Omnis
1666 5794 1737 5850 enim
1747 5792 1834 5848 mrima
1849 5790 1923 5858 rina,
1937 5804 1989 5846 non
2002 5789 2087 5845 solum
2099 5785 2249 5853 rationalis,

615 5884 797 5958 antalibilam
811 5882 1120 5951 ealtibuerimus,autin
1134 5883 1408 5956 tempusaliuddiile·
1461 5887 1569 5946 sieutin
1585 5886 1744 5952 bominibus,
1760 5884 1943 5941 verumetiam
1959 5876 2250 5944 irrationalis,sieutin
2350 5917 2353 5921 .

616 5993 715 6034 rantur.
1239 5999 1254 6015 ι
1463 5976 1620 6047 pecoribus,
1638 5984 1665 6031 et
1676 5973 1841 6040 volatilibus,
1856 5978 1883 6027 ot
1897 5969 2030 6041 piscibus,
2043 5965 2107 6021 risis
2119 5976 2252 6025 moretur.

603 6133 605 6138 ,
648 6108 1030 6174 ,mmwwjmim
1041 6120 1071 6158 ex
1082 6113 1149 6167 ως
1161 6108 1321 6172 wqfflem
1329 6089 1354 6159 m
1363 6120 1409 6160 a„
1463 6066 1515 6124 Sed
1531 6066 1618 6121 anima
1641 6064 1776 6120 rationalis
1794 6061 1936 6118 uoluntatis
1947 6057 2057 6113 arbitrio
2069 6057 2110 6112 rel
2123 6059 2253 6124 consentit

619 6173 680 6231 fluia
691 6171 812 6226 beruto
822 6171 914 6234 rejecta
926 6170 1002 6222 tuerat
1013 6169 1042 6222 ad
1052 6170 1195 6232 narginern.
1465 6158 1529 6216 tisis
1538 6157 1605 6227 ,rel
1617 6171 1669 6213 nou
1681 6154 1813 6212 consentit
1829 6170 1836 6207 :
1850 6150 2010 6207 irrationalis
2023 6157 2110 6206 autem
2131 6164 2182 6206 nou
2204 6153 2249 6207 lu..
