5709 7534
612 812 645 869 ti
1329 757 1431 860 imni
1451 798 1586 857 intutis.

615 926 642 980 in
650 922 762 1003 muium
773 920 860 977 redire
870 919 1007 985 i'uilemus,
1018 934 1085 991 opus
1095 921 1167 975 esset
1178 916 1220 974 iet
1232 916 1403 974 terrestribus
1434 946 1437 951 ·

615 1016 657 1072 iul
671 1014 781 1071 marinis
792 1012 920 1069 reitieulis
930 1012 1026 1084 quibus
1038 1009 1166 1067 utendum
1180 1018 1252 1067 essct
1265 1004 1294 1066 ut
1305 1008 1340 1065 ad
1354 1024 1402 1080 pa·

614 1106 711 1173 triani,
734 1117 785 1175 qua
810 1102 950 1158 incendam
972 1111 1047 1169 crat,
1070 1100 1211 1181 peruenire
1234 1099 1401 1161 valeremusa

613 1196 685 1268 nimii
705 1196 728 1253 si
746 1179 913 1252 amonitates
926 1194 1045 1261 itineris,
1059 1204 1087 1250 et
1100 1194 1156 1265 ipsa
1169 1192 1283 1265 gestatio
1295 1191 1404 1247 celricu-

615 1291 700 1344 luriim
721 1301 770 1343 nos
789 1285 950 1354 delectaret,
970 1292 999 1342 ct
1019 1285 1140 1342 cotirersi
1159 1285 1193 1339 ad
1208 1283 1347 1341 fruendum
1362 1281 1405 1337 liis

614 1377 709 1446 quibus
730 1378 767 1432 nti
788 1376 944 1442 debuimus,
967 1375 1098 1431 nollemus
1119 1376 1172 1432 cito
1185 1375 1253 1429 iiam
1268 1374 1362 1439 linire,
1377 1380 1405 1429 et

615 1481 739 1539 perversi
767 1467 896 1523 sitarisitc
919 1465 1046 1538 implicati
1064 1466 1242 1523 alienaremur
1263 1481 1278 1521 a
1299 1464 1404 1535 patria,

614 1556 690 1629 eujus
709 1558 826 1612 suauitas
844 1555 943 1611 iaceret
962 1557 1054 1613 beatos
1073 1575 1081 1613 a
1101 1557 1140 1611 sic
1154 1557 1180 1612 iii
1193 1555 1272 1627 liujus
1285 1557 1404 1611 mortali·

616 1649 677 1703 tatis
695 1647 748 1703 rita
771 1648 968 1718 peregrinantes
986 1663 1003 1702 a
1023 1648 1134 1703 Domino
1148 1645 1182 1721 (ΙΙ
1194 1646 1254 1702 Gur.
1270 1662 1303 1713 t,
1320 1645 1366 1718 6),
1381 1646 1404 1701 si

615 1738 705 1793 redire
718 1738 744 1790 iii
760 1736 871 1805 patriam
885 1736 1026 1804 uolumus,
1041 1737 1084 1792 ulii
1100 1736 1169 1791 beati
1182 1749 1241 1791 csse
1253 1734 1403 1807 possimus,

616 1827 742 1886 utendum
752 1836 794 1882 cst
806 1828 856 1882 boc
866 1827 976 1894 muodo,
988 1842 1040 1883 noir
1051 1825 1190 1881 iriicndum
1203 1842 1210 1891 ;
1222 1835 1251 1881 ut
1262 1824 1404 1879 invisibilii

616 1917 681 1984 liei,
704 1934 752 1988 per
767 1933 799 1974 ea
818 1934 877 1989 qua
893 1916 959 1973 iacta
972 1926 1050 1980 suiit,
1066 1917 1197 1972 intellecta
1211 1914 1405 1984 conspiciantur

615 2009 623 2069 l
630 2006 702 2061 iloni.
719 2007 823 2081 aab),
838 2009 888 2064 troc
900 2016 959 2074 et,
971 2016 1000 2063 ut
1011 2008 1045 2064 ile
1056 2006 1237 2077 corporalibus
1251 2003 1404 2075 temporali-

614 2094 716 2171 imaque
729 2102 807 2158 rebus
817 2109 918 2157 aeterna
927 2110 954 2155 ct
963 2099 1108 2172 spiritualia
1118 2098 1263 2169 capiamus.

650 2211 764 2269 catut
780 2212 812 2267 V.
825 2242 861 2254 -
880 2211 950 2268 Dcite
964 2210 1093 2278 Trinitas,
1107 2226 1147 2265 rer
1160 2226 1210 2275 neu
1223 2208 1367 2280 [ruendum.

650 2323 677 2377 5.
698 2322 753 2379 ties
763 2323 845 2396 igitur
859 2325 956 2395 quibus
968 2323 1108 2380 lruetidtim
1122 2331 1177 2390 est,
1193 2324 1272 2380 Pater
1284 2333 1310 2379 et
1322 2322 1405 2379 Filius

613 2423 640 2467 ct
653 2414 767 2486 Spiritus
780 2424 905 2477 sanetus,
921 2416 1067 2485 cademque
1078 2415 1209 2484 Trinitas,
1221 2429 1272 2471 ima
1282 2413 1404 2485 qiimdam

613 2519 717 2560 summa
729 2519 788 2573 res,
803 2506 1005 2577 communisque
1017 2506 1141 2561 omnibus
1153 2505 1302 2562 irueiitibtts
1315 2520 1346 2561 ca
1359 2521 1366 2570 ;
1381 2506 1403 2559 si

607 2602 702 2650 'tamen
726 2611 769 2653 ros
785 2606 812 2651 ct
826 2612 878 2652 nun
892 2613 981 2653 rerum
994 2598 1111 2653 omnium
1124 2610 1203 2653 causa
1215 2597 1267 2662 sit,
1280 2596 1302 2652 si
1316 2605 1403 2652 tamen

613 2697 640 2742 et
659 2705 749 2745 eiusa-
772 2690 829 2745 Nori
849 2691 921 2747 enim
937 2690 1014 2747 tacite
1027 2705 1124 2746 nometi
1139 2689 1208 2759 quod
1222 2684 1301 2745 tarite
1314 2688 1403 2744 excel·

613 2781 701 2836 lrntirc
715 2784 855 2837 conueiiiat
869 2791 956 2852 potest
967 2782 1078 2838 inueniri
1091 2825 1097 2846 ,
1112 2782 1163 2837 nisi
1177 2781 1247 2852 quod
1260 2781 1356 2837 melius
1368 2780 1403 2836 ita

613 2870 709 2939 dieitur
732 2872 846 2927 Trinitas
867 2871 940 2937 hac.
959 2880 1031 2929 unus*
1042 2873 1112 2929 licus
1126 2888 1158 2929 ex
1171 2888 1224 2943 quo
1238 2875 1341 2937 omnia,
1356 2886 1404 2943 per

613 2978 691 3030 ouem
707 2964 806 3029 omnia,
815 2962 841 3017 iii
856 2979 909 3034 qno
922 2965 1011 3034 oinoia
1025 2962 1111 3035 (lieni.
1120 2966 1158 3029 xi,
1166 2963 1222 3033 56).
1239 2964 1276 3019 lta
1289 2964 1366 3019 Pater
1377 2972 1405 3020 ct

615 3052 695 3108 filius
707 3062 735 3110 et
748 3054 860 3125 Spiritus
872 3067 997 3122 sanetus,
1011 3064 1038 3112 et
1050 3055 1168 3127 singulus
1181 3057 1293 3126 quisque
1307 3054 1403 3111 borum

614 3142 692 3205 Deus,
706 3153 732 3196 ct
746 3143 825 3197 simul
838 3158 931 3199 onmes
945 3161 1013 3200 unus
1026 3145 1115 3210 licus;
1129 3154 1156 3199 et
1165 3144 1283 3215 singuliis
1292 3144 1404 3215 quisque

613 3232 707 3288 lioruio
722 3233 801 3306 plena
812 3233 958 3288 susbstantia
968 3276 976 3302 ,
988 3243 1016 3288 ct
1026 3234 1104 3288 simul
1115 3248 1208 3289 omues
1221 3250 1271 3287 ima
1282 3234 1404 3289 substan·

612 3327 656 3379 ιιι.
677 3326 755 3382 litter
774 3341 823 3381 nec
843 3324 926 3380 Filius
940 3335 981 3381 ιιι
994 3339 1044 3380 nec
1057 3323 1171 3396 Spiritus
1181 3333 1307 3390 suoi-tiis,
1323 3322 1404 3378 Filius

612 3430 661 3470 irre
682 3416 760 3472 Pater
781 3425 822 3471 cst
841 3430 891 3471 nee
902 3414 1017 3487 Spiritus
1029 3424 1156 3483 sanetus,
1169 3414 1283 3485 Spiritus
1295 3423 1405 3469 sanctus

613 3521 663 3559 nec
683 3506 761 3561 later
773 3515 814 3561 cst
828 3522 877 3561 nec
887 3505 987 3570 Filius;
1001 3504 1049 3562 scd
1063 3504 1140 3564 Pater
1152 3514 1252 3561 tantum
1266 3505 1361 3569 Pater,
1376 3516 1404 3564 et

613 3596 693 3651 lilius
715 3605 815 3651 tantuin
830 3595 929 3663 Filius,
944 3606 971 3651 ct
985 3595 1099 3669 Spiritus
1110 3604 1217 3653 sanctus
1232 3605 1333 3651 tautum
1343 3594 1403 3665 Spi-

613 3689 679 3742 ritus
690 3698 807 3744 sanctus.
822 3686 921 3745 Eadem
935 3687 1018 3744 tribus
1030 3689 1163 3745 ateriiitas
1172 3689 1288 3758 ,eudem
1301 3690 1403 3743 iucom-

614 3778 790 3842 mutabilitas,
806 3778 897 3833 eadem
912 3780 1051 3848 majestas,
1066 3780 1158 3836 cadem
1170 3788 1296 3851 potestas.
1309 3780 1340 3837 lu
1351 3779 1401 3835 Pa·

615 3878 656 3920 tre
676 3867 781 3935 uiuitis,
797 3867 823 3921 iii
836 3866 904 3924 t'tiio
917 3867 1068 3939 aequalitas,
1083 3870 1109 3923 in
1124 3869 1222 3940 Spiritu
1237 3879 1329 3925 saneto
1343 3870 1402 3924 nni·

614 3958 674 4015 tatis
696 3957 905 4029 :coitalitatisquc
927 3960 1068 4016 eoncordia
1093 3978 1101 4016 t
1125 3970 1153 4017 et
1176 3962 1224 4016 iiia
1246 3961 1304 4019 hue
1321 3951 1415 4017 ininiu‘

612 4046 700 4100 irtiiiiia
714 4055 823 4120 propter
830 4047 949 4115 Putrem,
959 4050 1069 4121 aqualia
1081 4050 1169 4106 omnia
1178 4060 1284 4121 propiet
1292 4051 1313 4108 F
1315 4050 1399 4116 ilium,

611 4150 729 4190 coniicit
740 4137 827 4190 omnia
839 4147 947 4208 propter
954 4137 1081 4209 Spiritum
1093 4150 1224 4199 sanctum.

698 4247 812 4307 CAPUT
825 4249 913 4336 l'l3-
926 4250 994 4307 Dent
1006 4252 1159 4324 ineffabilia,
1174 4257 1309 4325 quoiitode.

646 4361 673 4415 u.
697 4361 849 4418 iiisioiiisoe
870 4365 968 4435 aliquid
989 4375 1017 4421 et
1028 4369 1166 4424 sonuimus
1178 4370 1276 4441 aliquid
1291 4371 1399 4442 dignum

613 4454 690 4510 beot
713 4454 769 4511 lmo
791 4470 855 4512 tero
866 4457 933 4513 nibil
947 4474 991 4514 me
1003 4460 1076 4517 aliud
1089 4477 1168 4532 quam
1182 4463 1272 4520 dicere
1286 4465 1400 4522 voluisse

611 4545 699 4603 sonito
710 4563 718 4600 ι
730 4547 753 4601 si
766 4557 854 4604 autem
868 4547 939 4616 disi,
954 4566 1007 4606 iton
1018 4551 1119 4609 liocest
1129 4555 1199 4624 qnod
1214 4555 1306 4612 uicere
1316 4556 1398 4613 soliti.

612 4638 668 4692 lluc
688 4639 758 4694 unde
781 4632 855 4707 sc'io,
877 4641 927 4696 nisi
947 4644 1008 4713 quia
1023 4644 1092 4699 licus
1106 4646 1245 4703 ineffabilis
1256 4657 1315 4713 est;
1329 4648 1399 4718 qued

610 4738 698 4785 ιιιιιιιι
709 4746 725 4785 a
736 4746 779 4785 nie
790 4731 890 4787 dictum
901 4741 953 4800 est,
968 4735 990 4788 iii
1002 4735 1133 4791 ineffabile
1143 4746 1225 4804 esset,
1237 4737 1335 4795 dietum
1345 4754 1398 4795 neit

608 4823 703 4877 csseti
722 4823 761 4878 Ae
775 4838 822 4893 per
835 4823 887 4879 boe
898 4839 932 4879 oc
945 4825 1086 4880 ioeilabilis
1099 4827 1206 4896 nitidem
1219 4828 1347 4885 dicendus
1358 4837 1400 4885 est

610 4914 699 4978 Deos,
713 4914 779 4983 quia
790 4922 817 4967 et
829 4914 880 4968 lice
892 4929 953 4969 cnm
966 4913 1081 4981 dicitnr,
1092 4915 1191 4986 aliquid
1204 4919 1310 4975 dieitur.
1326 4922 1399 4978 Et-tit

609 5005 702 5058 nescio
722 5019 782 5073 qne
805 5018 892 5074 pugna
912 5003 1070 5073 verberent,
1090 5006 1214 5077 neroniani
1237 5009 1260 5063 si
1281 5009 1344 5067 illud
1358 5021 1400 5068 est

609 5093 751 5157 ineffabile,
762 5092 832 5161 quod
844 5092 897 5147 dici
907 5102 1065 5163 neo-potest,
1078 5109 1130 5151 ocii
1140 5105 1180 5152 est
1189 5096 1320 5156 incilabile
1328 5102 1399 5170 qiiod

609 5182 652 5237 uel
664 5182 797 5237 iiicilabiie
810 5182 863 5237 dici
878 5191 975 5253 petest.
989 5184 1054 5250 Quat
1067 5199 1152 5255 piigtia
1166 5188 1308 5250 uerborum
1318 5191 1400 5246 silen-

609 5272 649 5325 tiu
662 5270 779 5327 cavenda
795 5272 881 5343 potius
895 5287 974 5342 quatu
988 5289 1053 5329 voce
1066 5276 1182 5345 pacanda
1197 5287 1247 5334 est.
1262 5279 1295 5335 Et
1310 5291 1397 5337 tamen

610 5363 697 5431 lieris,
720 5378 780 5419 cnm
800 5363 834 5420 de
852 5364 899 5419 illu
921 5364 986 5419 riiliil
1006 5365 1086 5437 digne
1101 5367 1153 5424 dici
1172 5371 1269 5439 possit,
1291 5374 1398 5430 admisit

609 5456 733 5510 liiimaiim
755 5455 827 5510 iocis
839 5447 1013 5526 obsequium,
1029 5466 1054 5512 ct
1069 5458 1156 5514 uerbis
1170 5464 1268 5518 nostris
1281 5466 1306 5520 iii
1320 5466 1398 5526 lande

594 5540 659 5603 'sua
675 5547 792 5619 gaiidere
806 5562 855 5603 nos
867 5547 959 5602 robiit.
973 5549 1039 5604 liam
1053 5549 1115 5607 iude
1126 5561 1168 5608 est
1179 5562 1207 5610 ct
1219 5557 1290 5626 quod
1301 5558 1397 5618 dicitur

609 5638 688 5692 liciis.
709 5636 767 5692 Non
787 5638 858 5692 enim
881 5653 974 5694 reuera
997 5640 1023 5694 iii
1040 5642 1150 5711 strepitu
1164 5643 1273 5701 istamm
1285 5649 1395 5706 duarum

607 5728 768 5798 syliabarum
783 5727 839 5801 ipsc
848 5731 1016 5799 epiroseinii
1027 5747 1035 5798 ;
1048 5733 1094 5787 sed
1108 5743 1196 5793 tamea
1205 5752 1299 5795 omues
1309 5742 1396 5801 latium

609 5816 704 5887 linguae
717 5818 788 5874 scios
801 5819 826 5885 ¹,
838 5832 898 5873 cuni
912 5835 991 5904 aines
1004 5836 1096 5878 eorum
1108 5838 1191 5881 sonus
1205 5826 1255 5885 iste
1265 5832 1395 5903 tetigerit,

608 5915 698 5964 mutet
711 5906 743 5960 ad
758 5908 922 5977 cogitandam
938 5911 1186 5979 macilentissimum
1194 5921 1333 5989 qnaoidaio
1345 5923 1395 5979 iiii-

607 5998 800 6070 mortalemque
813 6010 945 6057 naturam.

641 6168 652 6201 t
666 6164 733 6229 urm
748 6174 796 6219 tm.
809 6170 845 6217 is.
859 6171 884 6216 el
894 6171 946 6220 bss,
961 6169 1145 6236 reticulorum,
1156 6172 1239 6238 iuthi·

1456 908 1569 966 catut
1592 908 1646 965 l'il.
1664 940 1700 951 —
1719 910 1798 966 Dcttiit
1817 922 1903 969 cmiter
1919 912 2060 985 irilrilipnnt
2076 913 2102 967 iit
2117 913 2243 984 pnu'iti'ini

1803 1005 1902 1061 melini.

1491 1093 1517 1148 i.
1540 1092 1605 1147 llam
1624 1108 1686 1149 eum
1706 1093 1750 1151 illc
1766 1110 1834 1151 umis
1847 1098 1976 1167 cogitatur
1988 1097 2199 1163 deorumlieus.
2212 1096 2247 1154 ub

1457 1182 1498 1237 liis
1516 1177 1595 1237 etiim
1612 1183 1657 1254 qni
1671 1183 1738 1241 alios
1749 1194 1777 1241 et
1789 1186 1957 1257 suspicantur
1968 1199 1996 1245 et
2009 1198 2108 1245 vocant
2117 1200 2145 1247 et
2156 1191 2260 1268 colunt

1456 1271 1521 1328 deos
1538 1274 1593 1330 sinc
1612 1274 1637 1328 in
1653 1276 1722 1331 eoeio
1737 1276 1834 1333 sivein
1847 1285 1933 1344 terra,
1947 1279 1984 1336 ita
1996 1282 2144 1354 cogimur,
2158 1291 2188 1340 iit
2198 1282 2255 1338 ali-i

1456 1364 1518 1435 qnid
1528 1380 1581 1437 qiio
1594 1366 1658 1422 nibil
1673 1367 1768 1423 inclitis
1781 1368 1816 1423 sit
1825 1376 1905 1441 atque
1916 1370 2054 1427 sublimius
2068 1371 2112 1429 illa
2121 1374 2248 1446 cogitatio

1456 1466 1567 1512 conetur
1586 1458 1727 1530 attingere.
1747 1458 1818 1515 Sane
1838 1462 1962 1530 quioniam
1981 1462 2093 1521 ilitersis
2108 1478 2250 1522 mouentur

1457 1546 1551 1615 bonis,
1575 1549 1672 1618 partim
1690 1549 1730 1605 eis
1748 1565 1808 1621 quae
1826 1550 1860 1606 ad
1878 1552 1998 1623 corporis
2012 1567 2135 1620 sensnm,
2151 1557 2256 1625 partim.

1457 1636 1496 1693 eis
1516 1652 1576 1708 quie
1597 1638 1632 1695 ad
1651 1640 1733 1696 animi
1757 1641 1957 1712 intelligentiam
1980 1645 2131 1714 pcrtinent;
2152 1648 2189 1702 illi
2202 1652 2256 1721 opii

1457 1725 1538 1782 dediti
1557 1736 1620 1785 sunt
1631 1731 1753 1801 corporis
1765 1732 1905 1800 sensibus,
1919 1743 1964 1788 aut
1977 1734 2063 1805 ipsum
2076 1736 2190 1804 ciuium,
2202 1748 2255 1796 aut

1457 1820 1526 1888 qood
1540 1820 1567 1876 iii
1576 1821 1646 1878 coeiu
1658 1822 1878 1893 fulgentissimum
1888 1825 1995 1894 iiileiit,
2011 1834 2057 1882 aut
2070 1826 2155 1898 ipsum
2169 1845 2248 1886 muti·
2352 1873 2357 1880 .

1456 1910 1535 1978 duni,
1556 1912 1639 1967 licum
1658 1911 1768 1968 deorum
1788 1929 1848 1970 esse
1867 1914 2124 1984 arbitraiitiir:aut,
2136 1920 2158 1974 si
2171 1928 2257 1976 extra¹

1456 2001 1583 2056 mundum
1605 2002 1644 2057 ire
1664 2002 1845 2069 contendunt,
1860 2004 1959 2076 aliquid
1974 2006 2089 2061 liieiduin
2103 2006 2248 2078 imaginati·

1457 2097 1515 2157 tur,
1532 2090 1610 2162 idipie
1619 2094 1661 2148 rei
1675 2093 1822 2160 inlinitum,
1834 2096 1877 2150 ucl
1890 2110 1920 2151 ea
1934 2095 2018 2151 iuriiia
2031 2114 2090 2169 qum
2103 2101 2202 2170 optima
2210 2102 2250 2156 ui·

1456 2178 1550 2246 detur,
1566 2182 1637 2238 inani
1651 2185 1803 2255 suspicione
1814 2188 1995 2255 cuiistitntnit,
2011 2198 2055 2244 aut
2070 2188 2177 2246 humani
2189 2208 2250 2249 eur·

1456 2272 1529 2343 puris
1549 2272 1660 2344 liguram
1676 2276 1811 2346 cogitarit,
1825 2275 1848 2333 si
1863 2293 1920 2333 cam
1936 2280 1943 2310 ¹
1957 2280 2060 2335 catoris
2074 2290 2248 2353 anteponunt.

1456 2362 1568 2429 Quodsi
1584 2380 1665 2419 utinm
1680 2366 1760 2421 licum
1772 2366 1881 2422 deornm
1897 2384 1957 2424 csse
1971 2386 2023 2425 iioti
2037 2379 2145 2441 putarit,
2161 2383 2189 2429 ct
2199 2388 2248 2445 po·

1457 2453 1520 2532 tius
1531 2454 1629 2511 multos
1647 2466 1692 2511 ant
1710 2457 1914 2514 innumerabiles
1928 2461 2035 2530 unitatis
2047 2461 2148 2519 ordinis
2161 2464 2246 2532 deos;

1455 2545 1535 2599 ctiam
1546 2559 1594 2601 eos
1606 2555 1694 2603 tamcii
1709 2558 1785 2617 proiit
1796 2550 1892 2620 cuique
1902 2551 2001 2621 aliquid
2014 2556 2132 2622 corporis·
2144 2555 2253 2614 videtur

1455 2637 1604 2705 excellere,
1630 2639 1665 2694 ita
1689 2640 1815 2713 figuratos
1828 2642 1917 2697 animo
1932 2652 2034 2700 tenent.¹
2048 2645 2087 2700 lili
2101 2657 2189 2703 antem
2202 2652 2247 2719 qni

1455 2742 1504 2798 par
1515 2722 1713 2801 intelligentiam
1726 2742 1838 2803 pergunt
1850 2732 1941 2789 uidere
1954 2736 2023 2803 ipiod
2039 2736 2107 2791 liuns
2117 2747 2157 2792 est
2167 2779 2174 2804 ,
2186 2753 2247 2794 oin·

1455 2817 1533 2874 nibus
1546 2834 1608 2876 euru
1622 2830 1723 2876 naturis
1734 2821 1883 2878 uislbilibus
1897 2831 1924 2878 et
1936 2826 2136 2896 corporalibus,
2149 2828 2246 2885 intelli·

1454 2910 1580 2981 gibilibus
1592 2913 1673 2969 etiam
1686 2923 1713 2969 et
1725 2914 1909 2986 spiritualibus
1921 2958 1929 2982 ,
1942 2919 2064 2975 omnibns
2078 2921 2252 2978 mutabilibus

1455 3003 1608 3071 punierunt.
1622 3003 1722 3061 Omnes
1735 3014 1823 3062 tamen
1835 3010 1955 3063 certatim
1968 3026 2015 3080 pro
2029 3012 2186 3067 excelientia
2199 3012 2256 3068 llci.

1454 3084 1600 3152 diniicaiit3
1617 3103 1666 3145 nec
1676 3090 1813 3160 quisquam
1823 3092 1935 3147 inveniri
1946 3094 2089 3165 potestqui
2100 3095 2150 3150 hoc
2162 3096 2245 3152 ileum

1454 3174 1547 3229 credat
1559 3190 1620 3231 esse
1631 3193 1684 3246 quo
1698 3180 1790 3235 melius
1804 3180 1902 3251 aliquid
1916 3192 1967 3238 cst.
1984 3183 2075 3256 ltaque
2090 3185 2140 3242 liuc
2152 3201 2247 3243 omncs
2356 3166 2365 3180 ⁴

1455 3264 1539 3318 Deum
1553 3268 1722 3322 consentiunt
1736 3282 1812 3338 csse,
1827 3271 1898 3341 quod
1912 3275 2017 3330 catoris
2031 3277 2110 3332 rebus
2124 3271 2247 3332 oninibus

1454 3362 1629 3423 anteponunt.

1454 3444 1567 3502 CAPUT
1587 3446 1654 3503 vttt.
1672 3478 1707 3492 -
1728 3449 1796 3507 Deris
1818 3468 1875 3508 cunt
1901 3454 2247 3527 sitaopt'eritiniriromninto·
2304 3438 2318 3463 ⁸

1611 3540 1678 3600 bilis.
1694 3541 1766 3596 rebus
1777 3544 1890 3599 omnibns
1903 3549 2102 3617 anteponendus.

1490 3630 1516 3685 8.
1540 3631 1573 3686 Et
1587 3634 1712 3702 quiioiam
1725 3650 1819 3691 omnes
1832 3638 1876 3707 qui
1891 3639 1924 3694 de
1940 3640 1993 3696 lico
2006 3642 2139 3712 cogitant,
2155 3644 2251 3698 ultimi

1453 3723 1553 3794 aliquid
1573 3726 1707 3796 cogitant,
1728 3727 1765 3783 illi
1779 3727 1830 3783 soli
1844 3742 1953 3800 possunt
1967 3748 2020 3787 iiim
2035 3733 2149 3788 absurda
2164 3743 2190 3789 et
2205 3736 2246 3788 in·

1454 3813 1532 3885 digna
1545 3816 1698 3873 existimare
1707 3818 1742 3875 de
1753 3820 1808 3875 lieo
1819 3861 1828 3888 ,
1838 3822 1883 3892 qui
1894 3822 1973 3877 uitam
1986 3823 2068 3892 ipsam
2079 3826 2204 3897 cogitant.
2218 3838 2246 3883 et

1452 3921 1626 3980 quacumque
1645 3911 1696 3992 illis
1717 3910 1799 3967 iumia
1816 3916 1961 3972 occurrerit
1972 3919 2105 3986 corpmis,
2118 3934 2176 3974 eam
2189 3918 2248 3975 uita
2264 3918 2268 3922 ’

1452 4001 1542 4055 uivere
1565 3994 1606 4057 uel
1627 4017 1678 4058 oon
1692 4005 1781 4061 uiuere
1795 4012 1931 4073 ssimum,
1946 4017 1974 4063 et
1987 4009 2118 4063 uiuentem
2132 4026 2185 4064 noii
2199 4013 2240 4067 ri·

1453 4090 1524 4145 veriti
1545 4101 1728 4161 aiiteponniit;
1750 4108 1862 4164 eamque
1883 4094 1966 4166 ipsam
1981 4096 2111 4153 uiuentem
2124 4100 2248 4167 corporis

1453 4178 1580 4247 sormam,
1594 4183 1757 4252 quantalibet
1772 4184 1828 4241 luce
1841 4184 2004 4256 pratiulgeat,
2018 4188 2179 4257 quantalibet
2188 4205 2243 4243 oni-

1452 4270 1588 4339 gnitudine
1601 4274 1786 4343 praeemineat,
1794 4276 1955 4342 quaonttbei
1967 4278 2244 4345 puleiiritudineome-

1453 4366 1512 4427 tur,
1532 4361 1605 4417 aliud
1624 4378 1684 4419 csse
1699 4364 1797 4433 ipsam,
1812 4365 1882 4421 alind
1896 4367 1977 4421 uitam
1992 4384 2042 4436 qua
2055 4355 2244 4440 repositariu-

1453 4450 1590 4521 telliguiit,
1612 4468 1724 4525 eamque
1746 4456 1780 4510 ilii
1805 4456 1868 4511 moli
1887 4473 1946 4526 tpiie
1964 4458 2055 4514 abillo
2069 4469 2243 4531 vegetaturct

1452 4540 1585 4596 animatur
1595 4582 1604 4607 ,
1615 4542 1742 4613 dignitate
1758 4546 1958 4616 incomparabili
1971 4547 2123 4616 praeleruiit.
2139 4549 2239 4608 Deinde

1452 4629 1536 4700 ipsam
1557 4632 1637 4687 uitam
1660 4643 1772 4704 pergunt
1785 4636 1930 4706 inspicere,
1946 4648 1973 4693 et
1985 4638 2007 4693 si
2020 4654 2077 4695 eam
2092 4641 2149 4696 sine
2161 4656 2241 4698 sensu

1451 4729 1618 4791 vegetantem
1641 4723 1803 4789 inuenerint,
1825 4725 1910 4796 qualis
1923 4737 1964 4781 est
1978 4728 2119 4796 arborum,
2136 4746 2241 4803 praepos

1451 4819 1518 4867 nunt
1527 4814 1566 4867 eis
1575 4815 1733 4869 sentientem
1743 4856 1751 4880 ,
1760 4815 1845 4886 qualis
1856 4826 1898 4871 est
1913 4832 2053 4885 pecuniam
2067 4829 2094 4875 rt
2107 4820 2167 4878 buic
2180 4839 2241 4879 rur·
2293 4807 2296 4813 ⁸

1451 4917 1498 4958 sus
1518 4904 1726 4975 intelligentem,
1748 4907 1833 4978 qualis
1854 4917 1895 4964 cst
1914 4908 2060 4965 ironiiiium.
2081 4912 2165 4986 Quam
2179 4930 2251 4973 etim·

1451 4991 1538 5049 adlinc
1547 4995 1700 5051 mutabilem
1711 4996 1824 5053 uiderint
1834 5039 1842 5063 ,
1853 4999 1932 5054 etiam
1945 4998 2006 5055 liuie
2014 5001 2128 5072 aliquam
2139 5004 2242 5061 incutit·

1451 5084 1604 5139 mutabilem
1623 5096 1754 5157 coguntur
1772 5101 1944 5158 proponere,
1961 5090 2032 5147 illam
2046 5093 2147 5151 scilicet
2158 5094 2240 5153 uitam

1450 5190 1509 5246 quac
1532 5192 1584 5232 nori
1602 5178 1744 5248 aliqnando
1756 5179 1869 5251 desipit,
1885 5182 2026 5253 aliqnando
2040 5187 2126 5257 sapit,
2139 5188 2187 5245 sed
2200 5200 2245 5254 cst⁴

1450 5267 1537 5336 potius
1549 5266 1606 5338 ipsa
1615 5268 1758 5339 Sapientia.
1770 5270 1882 5340 Sapiens
1891 5274 1963 5329 ciiim
1976 5290 2062 5343 metis,
2074 5276 2100 5344 id
2113 5286 2164 5346 est,
2175 5279 2240 5336 adc-

1450 5362 1499 5426 pta
1508 5357 1682 5428 sapientiam,
1698 5369 1838 5431 antequam
1852 5362 2043 5432 adipisceretur
2057 5384 2108 5422 non
2122 5377 2180 5427 erat
2193 5386 2239 5426 sa·

1450 5445 1545 5516 pieos;
1566 5456 1594 5502 at
1612 5463 1677 5504 reru
1698 5449 1754 5520 ipsa
1775 5450 1908 5520 Sapientia
1924 5468 1974 5508 nee
1986 5453 2034 5510 iiiit
2047 5473 2163 5527 utiquam
2176 5459 2240 5515 insi·

1449 5540 1542 5611 picris,
1555 5557 1605 5599 occ
1614 5557 1673 5599 csse
1683 5559 1797 5614 uiiuuiim
1810 5554 1906 5614 potest.
1918 5547 2001 5614 Quam
2012 5550 2034 5605 si
2046 5566 2098 5606 nuit
2107 5551 2238 5617 uiderent,

1448 5633 1521 5689 millo
1542 5634 1622 5690 modo
1642 5636 1718 5706 plena
1733 5636 1827 5691 iiduria
1842 5638 1921 5692 uitam
1935 5638 2187 5697 incommutabiliter
2196 5657 2239 5696 sa·

1447 5726 1564 5797 piantem
1573 5728 1752 5783 commutabili
1762 5730 1823 5784 rite
1833 5739 2032 5799 anteponerent.
2044 5732 2129 5803 ipsam
2140 5734 2238 5803 quippe

1448 5816 1459 5847 r
1473 5818 1589 5885 regulam
1604 5818 1793 5889 turbatisque
1806 5820 1877 5876 illam
1890 5822 2006 5878 clamant
2018 5837 2077 5878 esse
2087 5821 2235 5904 meliorem,

1448 5907 1688 5967 tnrooimiinuttem
1702 5911 1810 5977 ituem;
1827 5928 1876 5970 nes
1889 5915 1991 5984 uspiam
2005 5914 2054 5969 nisi
2066 5928 2145 5985 supra
2157 5927 2239 5973 stiam

1480 6058 1843 6126 ¹tulitiriceum.ttinepro
1886 6065 2085 6124 ammaim
2307 6106 2313 6123 ι

1447 6121 1532 6237 oni-m
1543 6122 1568 6172 iii
1581 6130 1631 6173 uss.
1644 6123 1778 6189 plerisque,
1791 6127 1831 6175 ulii
1878 6127 1949 6180 culitis
1961 6127 2072 6218 wlsini,
2086 6130 2237 6192 ipocritarum
