5709 7534
607 871 660 932 m
1214 863 1244 922 S.
1265 859 1446 922 suciisltm
1463 859 1645 922 Simul!
2196 861 2242 922 ’ll

608 987 637 1044 ln
648 981 815 1044 sermonibus
824 979 966 1046 mndsell,
976 979 1020 1052 mii
1032 993 1086 1034 ιιοιι
1097 977 1241 1049 prodemnt
1254 975 1339 1043 robis,
1355 973 1396 1030 lu·
1450 991 1521 1046 rum,
1535 977 1626 1035 dolum
1639 977 1726 1034 loeutn
1735 985 1778 1034 nst
1790 977 1817 1034 ln
1829 991 1879 1036 ors
1891 991 1944 1034 suo
1957 993 1966 1032 s
1979 991 2080 1052 puseus
2092 991 2156 1034 rrum
2164 979 2244 1037 ants

608 1079 675 1142 rsrl,
689 1075 822 1142 occidere,
836 1073 999 1136 siluiterrrc,
1017 1069 1107 1140 iurare
1120 1067 1294 1135 mendaciter,
1312 1067 1397 1122 illiers
1449 1081 1500 1126 suo
1513 1067 1648 1140 loquitur,
1661 1077 1690 1126 et
1706 1067 1811 1124 oernlts
1823 1067 1898 1138 poem
1912 1067 2038 1126 iusldlns.
2054 1066 2188 1140 llranuid
2200 1083 2244 1124 ιο-

608 1167 709 1224 Dnnlim
720 1205 730 1233 ,
742 1171 771 1222 (ιι
785 1163 824 1220 iro
838 1173 898 1235 pust
909 1161 974 1218 deor
988 1160 1107 1225 silenos,
1129 1154 1398 1230 enseignemens
1451 1173 1501 1230 per
1512 1158 1554 1216 liis
1572 1173 1627 1215 non
1643 1157 1776 1226 sisinnio,
1796 1157 1864 1216 dleit
1883 1157 2040 1216 Dornlnnsl
2057 1167 2106 1216 snt
2123 1157 2151 1216 ln
2171 1169 2244 1233 gente

607 1256 735 1324 resistis,
747 1265 775 1313 et
788 1254 900 1312 stetistis
916 1265 1007 1310 eornm
1027 1263 1071 1308 roe
1083 1249 1110 1306 ln
1125 1248 1206 1306 doum
1218 1247 1284 1314 inc.
1305 1246 1331 1303 in
1344 1261 1395 1318 qun
1450 1247 1496 1304 tell
1508 1261 1563 1304 non
1580 1247 1724 1304 ulciscetur
1734 1247 1823 1304 enims
1843 1246 1926 1306 merl
1946 1247 2080 1322 St‘prnlo
2097 1257 2177 1321 post:
2188 1249 2244 1308 linc

608 1350 758 1406 inruentum
769 1355 811 1404 est
822 1359 921 1402 nomon
933 1357 1039 1412 meum
1054 1351 1081 1400 et
1093 1340 1208 1407 dixistis,
1222 1338 1338 1396 Liberali
1347 1355 1395 1395 sn·
1450 1337 1516 1394 dieii
1538 1339 1667 1396 Dominio
1681 1355 1689 1392 ε
1711 1337 1770 1396 lien
1787 1338 1917 1412 glorietur
1936 1339 2050 1412 sepiens
2070 1341 2101 1396 iu
2119 1341 2229 1412 snpieut

607 1451 667 1495 mus
677 1475 688 1506 ,
699 1453 733 1495 so
743 1435 815 1509 qood
828 1435 969 1494 minen
981 1447 1074 1490 ornnes
1090 1431 1302 1488 nltominstiones
1319 1431 1395 1486 istns.
1449 1444 1509 1497 sun,
1524 1437 1552 1486 et
1564 1445 1619 1486 non
1630 1429 1759 1502 glorietur
1769 1430 1844 1486 Derris
1858 1431 1885 1487 ln
1901 1429 2062 1488 fortitudine
2074 1441 2135 1496 sun,
2154 1441 2182 1488 et
2194 1445 2243 1488 siun

607 1529 677 1602 Ergo
687 1528 696 1562 ¹
707 1527 834 1599 spelunea
847 1525 979 1582 latronum
993 1523 1060 1579 laets
1073 1523 1218 1580 estdomus
1230 1523 1291 1586 istu.
1306 1521 1331 1577 lu
1344 1535 1397 1592 ([ιιι
1449 1517 1578 1590 glorietur
1590 1519 1665 1576 dires
1685 1519 1712 1574 iu
1722 1518 1822 1577 diuitiis
1839 1521 1914 1586 (οἰκ
1934 1519 1984 1576 sed
1999 1521 2027 1576 iu
2048 1519 2103 1576 leue
2121 1520 2245 1592 glorietur

606 1621 757 1676 inruentum
770 1625 813 1676 est
828 1631 925 1673 nomeu
944 1630 1033 1673 meum
1054 1615 1176 1670 inoeulis
1190 1611 1287 1669 restris
1298 1611 1311 1667 l
1324 1611 1395 1683 Ego,
1449 1609 1495 1679 qui
1509 1609 1649 1681 glorietur,
1661 1611 1733 1666 seire
1742 1620 1772 1666 et
1781 1625 1861 1668 riosse
1874 1627 1930 1681 nte,
1941 1611 2005 1685 quin
2019 1625 2144 1684 egosum
2161 1611 2244 1668 Domi·

606 1725 657 1784 ego
667 1725 738 1780 sunt,
748 1723 798 1781 ego
807 1706 871 1776 ridi,
885 1706 948 1763 dicit
962 1707 1099 1762 Dominus.
1110 1702 1148 1760 lto
1159 1702 1194 1760 sd
1205 1705 1291 1758 locum
1307 1717 1396 1758 meum
1450 1715 1510 1766 uus,
1523 1702 1568 1773 quei
1581 1700 1650 1758 ineio
1662 1701 1872 1759 misericordiam
1890 1713 1919 1760 et
1928 1703 2061 1774 inolidum
2078 1713 2109 1760 et
2117 1705 2242 1777 justitium

605 1803 633 1858 ln
647 1800 723 1866 Silo,
743 1799 788 1854 ulsl
809 1797 938 1854 Dubitneit
951 1810 1048 1852 nomen
1069 1809 1158 1851 meum
1172 1809 1188 1850 n
1203 1791 1355 1865 principio,
1369 1799 1397 1848 et
1449 1791 1476 1848 iu
1490 1800 1573 1850 terre.
1589 1793 1652 1850 llec
1664 1793 1736 1851 enim
1750 1795 1854 1866 plneeut
1868 1794 1946 1865 milti,
1959 1797 2000 1853 nit
2012 1795 2157 1854 Domina

604 1891 704 1958 ridete,
727 1903 787 1960 quse
799 1887 907 1944 leeerim
925 1885 952 1942 el
972 1893 1081 1957 pmpter
1096 1885 1221 1940 nulilium
1241 1883 1329 1956 populi
1344 1882 1396 1937 mel
1486 1880 1521 1936 Ε(
1533 1891 1591 1952 post
1609 1883 1734 1938 morien
1751 1881 2000 1960 eems[r.]sllrec
2016 1885 2084 1942 dicit
2097 1885 2241 1944 Ιιοιιιιιιιιιι

605 1979 698 2040 israel.
719 1979 752 2035 Et
769 1993 839 2034 nunc
851 1978 912 2050 queis
927 1977 1027 2033 lesistis
1041 1976 1130 2031 omnin
1144 1989 1225 2046 opere
1240 1974 1317 2041 hene,
1332 1974 1397 2031 dicit
1448 1973 1527 2032 lustu
1547 1977 1605 2033 eins
1623 1977 1741 2047 guertium
1762 1977 1846 2034 nolite
1863 1977 1985 2046 ducere,
2001 1987 2032 2036 rt
2050 1993 2068 2034 n
2085 1979 2173 2052 siguis
2183 1979 2241 2038 nuli

605 2071 754 2139 Dominus,
772 2077 800 2124 et
814 2069 917 2125 locutus
931 2081 990 2124 sum
1011 2065 1045 2120 nd
1059 2078 1125 2132 ros,
1140 2079 1219 2120 mnne
1231 2078 1397 2136 consurgens
1449 2065 1532 2123 nolito
1543 2075 1663 2124 metuere
1681 2083 1742 2139 ntra
1755 2067 1851 2124 limem
1866 2077 1979 2140 gentesg
1992 2069 2057 2142 quin
2069 2067 2148 2142 leger
2160 2085 2241 2142 pepu-

604 2169 633 2218 el
645 2161 767 2231 Douros,
778 2167 806 2215 ct
816 2173 869 2214 non
883 2155 1010 2223 audistin
1024 2163 1053 2212 et
1066 2155 1168 2220 reensi,
1180 2162 1208 2210 ct
1219 2168 1272 2210 non
1286 2169 1395 2224 respon
1449 2156 1537 2213 lorum
1549 2171 1625 2213 muse
1642 2167 1715 2213 suut.
1726 2155 1794 2227 Quin
1807 2157 1906 2230 iignum
1918 2156 1954 2214 ds
1963 2159 2035 2215 snitu
2048 2159 2242 2230 praeiditupus

605 2252 682 2309 distis
696 2269 704 2308 s
717 2251 811 2307 inciens
825 2249 917 2307 domui
931 2249 1005 2318 huie,
1021 2249 1047 2304 lu
1061 2263 1113 2321 quis
1130 2249 1280 2304 inruentum
1292 2256 1333 2304 est
1347 2261 1397 2301 uo-
1449 2262 1545 2304 manus
1565 2247 1674 2306 nrtilicls
1690 2251 1719 2306 in
1736 2249 1808 2305 escis
1822 2265 1831 2306 s
1845 2257 1958 2322 argento
1975 2257 2005 2308 el
2022 2263 2093 2306 nstro
2109 2249 2242 2308 Deoorndt

605 2355 667 2398 rnen
680 2355 786 2406 meeum
805 2347 833 2396 et
846 2337 873 2396 lu
885 2353 938 2413 qur
951 2353 1001 2395 ros
1016 2336 1120 2394 duleus
1135 2337 1276 2404 iidueism,
1297 2346 1324 2392 et
1339 2335 1398 2392 loeo
1449 2340 1531 2407 illud;
1545 2341 1628 2397 eloris
1641 2351 1668 2396 et
1678 2340 1783 2398 malleis
1796 2342 1941 2412 compegit,
1955 2348 1987 2398 nt
1999 2355 2056 2398 non
2067 2333 2237 2398 dhssiisntrr.

605 2445 685 2502 quern
697 2429 758 2486 dedi
776 2428 895 2500 putribus
912 2429 1022 2492 restris,
1038 2427 1105 2483 sieut
1119 2426 1170 2483 ieci
1186 2427 1259 2493 Silo;
1272 2437 1300 2482 et
1313 2427 1396 2498 proji-
1450 2429 1479 2486 lu
1491 2431 1688 2488 similitudinem
1699 2431 1794 2503 mimus
1804 2431 1931 2488 moriente
1945 2441 2020 2498 suut,
2030 2441 2126 2490 moon
2136 2432 2241 2505 loenen-

605 2522 674 2580 sinm
690 2536 760 2578 soon
775 2521 841 2578 iacis
858 2535 928 2588 ((ιοι,
942 2519 1011 2576 siem
1025 2520 1123 2590 projeci
1136 2534 1229 2578 omnes
1244 2518 1338 2575 iratres
1352 2533 1399 2574 ee·
1450 2529 1514 2577 tur:
1531 2531 1635 2592 portate
1660 2521 1807 2590 tollentur,
1830 2521 1892 2594 quiin
1916 2521 2043 2580 incedere
2065 2537 2123 2580 non
2145 2523 2238 2578 rainu

562 2599 564 2606 ¹
606 2615 841 2672 somnolentum
860 2625 952 2671 senen
968 2611 1107 2683 Ephraim.
1121 2610 1161 2667 Tu
1176 2625 1239 2681 ergo
1253 2610 1306 2666 nuli
1320 2625 1398 2666 omre
1449 2611 1535 2668 Nolite
1544 2627 1608 2683 ergo
1621 2613 1773 2682 timereen,
1789 2612 1853 2684 quio
1864 2627 1915 2669 uec
1929 2613 2001 2670 mnis
2013 2621 2129 2684 possum
2142 2611 2239 2680 la'ccre,

606 2719 657 2778 pru
671 2703 769 2776 populo
783 2703 851 2768 loe.
871 2717 921 2760 noc
933 2717 1055 2759 mutum
1067 2716 1117 2773 pro
1129 2703 1169 2759 eis
1182 2702 1286 2757 laudem
1299 2709 1327 2758 et
1338 2715 1399 2758 orn-
1449 2717 1501 2759 nec
1516 2703 1593 2759 Deus.
1615 2703 1675 2760 lion
1694 2711 1738 2760 cst
1758 2703 1854 2760 similis
1868 2703 1924 2772 tul,
1944 2705 2075 2773 Domine;
2089 2717 2240 2777 (ιιιμιιιοι

608 2800 720 2864 monn,
732 2805 760 2854 et
770 2811 824 2854 non
837 2795 953 2853 oisistns
965 2794 1047 2862 ritihi3
1062 2795 1122 2866 (puin
1135 2810 1189 2851 non
1200 2793 1339 2851 exaudium
1361 2803 1396 2850 tc.

605 2887 701 2948 llotsm
715 2889 788 2945 eides
801 2888 866 2962 quid
886 2887 929 2944 isti
947 2888 1043 2944 leniunt
1061 2889 1086 2944 iu
1106 2888 1256 2944 eiuitntibus
1273 2887 1356 2953 lude,
1372 2896 1399 2942 et

607 2980 636 3038 in
647 2979 743 3052 plateis
761 2978 931 3036 ierusalemi
949 2979 1009 3034 Filii
1022 2979 1149 3051 eolligunt
1165 2979 1252 3050 liguo,
1266 2986 1294 3034 et
1310 2987 1399 3048 putres

608 3071 772 3129 succendunt
786 3072 885 3144 mem,
905 3080 930 3127 ct
944 3071 1070 3128 niuliercs
1083 3079 1262 3144 conspergunt
1276 3069 1397 3142 adipem,

608 3175 637 3222 ut
647 3163 743 3222 isohm
755 3165 892 3236 pimenius
905 3163 1003 3235 reginae
1015 3163 1086 3232 eceli,
1100 3173 1128 3218 et
1138 3163 1221 3219 libent
1231 3162 1281 3219 diis
1293 3162 1399 3229 olienis,

607 3262 635 3312 oi
650 3269 693 3309 me
704 3253 738 3310 nd
750 3253 914 3310 iracundiam
928 3260 1083 3324 provocent.
1096 3251 1229 3322 Numquid
1240 3266 1283 3307 use
1297 3249 1331 3306 ed
1345 3251 1399 3305 irs·

607 3343 733 3402 cnsidinm
744 3352 897 3416 provocent,
909 3343 974 3400 dicit
984 3343 1133 3400 Doruiuusl
1143 3359 1232 3400 uonuc
1243 3345 1400 3414 semetipsos

608 3437 636 3492 in
650 3433 805 3492 eortiusione
817 3435 906 3491 tultus
916 3433 957 3490 sui
970 3433 984 3491 l

647 3525 680 3580 Et
695 3513 1104 3600 paulopos't1riu.]:iiuuuquid
1120 3525 1166 3596 qui
1185 3526 1271 3594 cudit,
1287 3541 1339 3582 non
1358 3541 1400 3584 ro-

610 3613 722 3688 surget?
735 3615 769 3671 iit
787 3617 833 3688 qui
850 3631 960 3672 stersus
975 3625 1033 3682 est,
1056 3632 1109 3670 nun
1129 3617 1297 3672 revertetur?
1313 3618 1402 3687 Qunrs

608 3721 673 3779 crgo
684 3719 796 3762 aversus
806 3715 848 3762 est
865 3706 980 3780 pupulus
997 3707 1046 3762 iste
1061 3707 1089 3761 in
1100 3707 1247 3763 lenonium
1262 3708 1402 3764 aversione

609 3794 797 3853 eoritemlosnl
811 3795 1052 3868 Apprelieudmut
1068 3797 1245 3864 menducium,
1265 3807 1293 3854 ct
1308 3797 1400 3856 ineluc-

611 3896 675 3946 rtmt
689 3889 797 3944 reverti.
811 3888 938 3958 Attendi,
951 3899 979 3946 et
995 3890 1157 3958 auscultat-h
1174 3905 1253 3946 neruo
1265 3891 1336 3962 quod
1351 3891 1400 3948 Do-

610 3995 675 4038 mum
695 3990 737 4038 est
756 3980 894 4053 loquitur:
909 3981 996 4038 nullus
1015 3983 1120 4055 estqui
1139 3991 1200 4054 ngnt
1218 3983 1401 4054 poeniteutiam

609 4085 691 4144 snper
704 4081 814 4144 pecemo
826 4087 886 4141 seio,
900 4073 1004 4142 dicens,
1023 4072 1092 4144 Quid
1109 4074 1178 4130 ieeii
1192 4073 1227 4130 Et
1246 4087 1302 4148 post
1315 4093 1402 4133 nonem

608 4177 696 4218 rosus
709 4178 717 4218 ι
731 4162 870 4230 Quomodo
882 4163 979 4231 dicitis,
994 4164 1134 4234 sapiemus
1143 4181 1194 4222 nos
1207 4182 1310 4234 senius,
1320 4177 1347 4224 et
1358 4168 1402 4224 lex

611 4251 716 4309 Doniim
730 4253 866 4311 nobiscum
879 4255 943 4311 cstl
959 4253 1027 4311 Vere
1040 4255 1208 4312 menducium
1221 4267 1348 4327 operatus
1361 4266 1403 4314 cst

612 4341 690 4398 stilus
700 4341 814 4398 mendox
826 4343 984 4400 seriDnrum.
996 4341 1105 4400 Cosilusi
1115 4354 1177 4399 sunt
1187 4345 1331 4416 sepientes,
1341 4361 1402 4418 per·

610 4430 697 4488 territi
713 4440 741 4487 et
758 4433 827 4503 mpii
847 4443 919 4488 ιιιιιι.
934 4433 1052 4490 Verbum
1074 4434 1145 4490 enim
1163 4435 1267 4490 Domini
1280 4437 1401 4508 preijetoe·

610 4531 682 4590 mm,
697 4531 726 4581 et
739 4523 869 4595 sapiends
883 4524 953 4582 trullo
964 4534 1007 4581 est
1018 4525 1045 4580 in
1058 4525 1109 4582 cis.

646 4611 681 4668 Et
692 4613 769 4686 prule
780 4624 837 4686 port
848 4611 911 4690 [rs]
926 4631 933 4670 ε
948 4613 1015 4684 Quis
1026 4613 1101 4672 anit
1114 4631 1157 4672 mc
1172 4615 1198 4672 in
1210 4616 1353 4674 solitudine
1362 4616 1402 4674 di·

610 4706 758 4763 vernonium
769 4707 910 4774 viatorum,
925 4715 954 4763 et
964 4706 1145 4781 derelinquam
1159 4709 1285 4782 populum
1300 4726 1400 4780 meum,

612 4803 640 4851 ct
650 4795 773 4852 rudem
786 4795 820 4851 nb
832 4795 893 4853 elsi
906 4797 1193 4869 quiinemnesndulteri
1205 4807 1306 4856 suntet
1317 4809 1402 4858 eoetus

612 4885 863 4956 mendatorum
878 4897 905 4943 et
920 4888 1097 4945 extenderunt
1110 4890 1225 4962 liugunm
1238 4905 1314 4948 sunm
1326 4891 1402 4964 quiesi

611 4991 704 5033 srenm
717 4977 858 5045 mendacii,
874 4987 901 5034 et
915 4992 967 5034 nesi
982 4981 1100 5036 ueritatis
1116 4998 1123 5034 :
1138 4981 1280 5037 cuniostnti
1299 4991 1361 5039 suot
1375 4983 1401 5038 in

610 5073 682 5120 terre
693 5106 701 5132 ‚
714 5067 776 5136 quin
797 5065 833 5122 ds
846 5067 917 5123 nenio
934 5067 967 5123 sd
989 5071 1088 5126 tunium
1105 5071 1205 5141 egressi
1226 5078 1304 5139 suut,
1318 5080 1347 5128 et
1359 5086 1422 5129 mc·

611 5169 665 5210 non
679 5164 878 5228 conuenerunt,
898 5157 963 5215 dicit
976 5160 1113 5218 Dominus.
1129 5162 1316 5236 Unusquisque
1333 5180 1364 5221 se
1385 5180 1402 5222 n

611 5245 735 5320 proximo
745 5261 795 5302 suo
808 5247 950 5318 custodiet,
963 5259 991 5305 et
1004 5251 1029 5306 iu
1044 5252 1117 5309 omni
1128 5249 1211 5310 instro
1223 5271 1272 5311 suo
1285 5269 1339 5312 nen
1352 5254 1401 5311 lin·

611 5340 674 5395 luent
696 5337 818 5394 dducinm
833 5354 841 5394 s
855 5339 916 5408 quia
939 5343 1027 5399 omnis
1045 5342 1128 5400 irntcr
1150 5346 1322 5417 supplantans
1338 5364 1403 5420 sup·

611 5432 760 5504 pnnuoit,
781 5439 808 5488 et
821 5433 909 5488 omnis
923 5434 1023 5492 nmieus
1036 5434 1218 5494 irnudulcuter
1231 5439 1352 5508 iuocdet;
1374 5450 1402 5497 et

609 5525 651 5582 sir
663 5524 772 5582 lrntrcm
785 5539 862 5580 suum
872 5523 1014 5592 deridebit,
1027 5535 1055 5582 et
1066 5529 1204 5586 ueritatem
1218 5547 1272 5586 (ιοιι
1287 5531 1400 5606 loqueu3

610 5627 664 5673 tur.
680 5617 832 5673 Decumum
841 5614 912 5673 euim
926 5615 1042 5688 linguam
1052 5633 1127 5675 sunm
1137 5619 1208 5692 loqui
1219 5622 1399 5694 menducium,

608 5717 639 5763 et
653 5707 743 5778 inique
757 5715 868 5781 agerent
880 5707 1077 5767 inhorruerunt.
1092 5708 1225 5767 lleDitetio
1238 5720 1282 5769 tun
1302 5714 1329 5770 in
1344 5730 1401 5772 ((ιο-

608 5797 655 5854 dio
665 5797 730 5857 doli.
743 5797 772 5856 ln
782 5796 847 5857 dolo
860 5807 1004 5857 nenucmut
1022 5799 1091 5858 seire
1103 5816 1166 5870 me,
1179 5802 1244 5860 dicit
1259 5803 1398 5864 Dominus.

607 5884 755 5964 Propterea
767 5891 825 5950 lues
838 5891 903 5951 dicit
916 5893 1042 5951 Dominus
1053 5895 1217 5953 exercituum
1232 5914 1240 5954 ε
1258 5897 1329 5956 Ecce
1349 5914 1400 5971 ego

607 5984 730 6040 conluuio
741 6026 751 6054 ,
772 5993 800 6042 ct
817 5985 936 6058 proboDo
948 6001 1007 6045 eus.
1019 5986 1090 6057 Quid
1107 5988 1177 6046 enin
1190 5989 1261 6046 eliud
1274 5989 1369 6048 ladem
1382 6007 1398 6048 a

607 6073 675 6133 lneie
687 6075 748 6134 dile
767 6078 858 6153 populi
875 6079 948 6137 meli
962 6081 1062 6154 sigito
1083 6083 1226 6142 vulnerans
1244 6083 1333 6158 lingua
1353 6100 1401 6143 co·

637 6279 989 6340 'stuwi-rossensis
1086 6273 1089 6284 '

1451 2804 1495 2862 tu,
1506 2803 1532 2849 et
1545 2809 1669 2866 maguum
1685 2809 1782 2850 uoitucn
1797 2805 1871 2852 tuum
1884 2794 1914 2851 in
1927 2793 2098 2852 lentitudine.
2112 2795 2178 2864 Quis
2190 2809 2240 2852 uon

1452 2883 1556 2940 timebit
1569 2894 1606 2952 te,
1619 2898 1637 2940 o
1652 2885 1708 2942 ilex
1721 2885 1956 2958 gentiumll'urtm
1968 2886 2098 2945 esserto
2112 2887 2241 2944 decusin

1452 2984 1493 3032 let·
1504 2985 1616 3033 euristos
1629 2977 1764 3050 sepientes
1775 2976 1910 3048 gentium,
1924 2983 1954 3036 el
1965 2977 1994 3034 lu
2007 2979 2145 3036 unis-ersis
2158 2977 2241 3052 regnis

1451 3083 1544 3124 eorum
1565 3067 1655 3125 nullus
1673 3077 1716 3125 cst
1733 3068 1830 3124 similis
1845 3067 1894 3126 tul.
1914 3069 2021 3124 Dnriter
2040 3067 2200 3144 insipiouiies
2216 3077 2242 3126 ot

1451 3157 1515 3215 icturi
1535 3158 1729 3231 poeniuntur.
1753 3159 1879 3216 Doctrina
1893 3159 2019 3216 cameos
2030 3173 2128 3218 curent
2148 3161 2241 3234 lignun

1451 3251 1665 3324 ostimentum
1684 3249 1831 3307 inuolutum
1843 3249 1998 3307 dollsmsls
2013 3247 2139 3322 offertur,
2150 3259 2179 3308 ot
2196 3265 2241 3306 sn·

1451 3353 1512 3396 rum
1528 3341 1562 3398 de
1574 3340 1682 3412 opher,
1696 3355 1765 3414 opus
1782 3341 1892 3398 srtilleis
1904 3351 1933 3398 ct
1946 3356 2042 3398 monus
2058 3341 2160 3398 aernrii.
2175 3339 2241 3416 lirn-

1451 3433 1559 3489 ciuilius
1571 3443 1599 3489 et
1613 3449 1729 3504 purpure
1746 3433 1930 3491 indumentum
1944 3449 2059 3503 corum,
2077 3451 2150 3508 opus
2164 3433 2243 3492 nrlil·

1451 3537 1513 3578 curu
1525 3523 1649 3580 universo
1670 3523 1737 3580 hsce.
1754 3523 1882 3580 Dominum
1902 3533 1992 3582 nutem
2005 3525 2078 3584 Deus
2092 3541 2176 3584 verns
2187 3535 2242 3594 osi,

1453 3613 1510 3686 ipse
1519 3613 1589 3670 Deus
1598 3613 1706 3683 uirens,
1715 3622 1742 3670 et
1752 3629 1799 3672 rer
1813 3616 2004 3686 sempitemus.
2013 3616 2057 3673 te
2066 3615 2243 3690 indigestione
2256 3675 2259 3680 .

1452 3706 1509 3778 ejus
1521 3707 1734 3764 commovebitur
1751 3716 1841 3776 terro,
1854 3717 1882 3764 et
1898 3723 1951 3764 nou
1965 3707 2139 3767 sustinebunt
2155 3719 2243 3784 geistes

1452 3798 1687 3856 comminutionem
1710 3797 1780 3870 ejus.
1799 3797 1928 3882 sicergo
1947 3797 2044 3856 dicetis
2066 3799 2127 3856 eis:
2143 3801 2184 3858 Dii
2201 3799 2243 3872 spi

1452 3890 1537 3947 coelos
1552 3899 1580 3946 et
1589 3899 1688 3947 terrem
1701 3906 1754 3948 nou
1767 3889 1899 3958 iecerunt,
1911 3898 2022 3963 percont
2035 3889 2071 3948 de
2085 3901 2169 3962 terre,
2179 3891 2243 3950 etds

1453 3981 1496 4038 liis
1506 3997 1567 4055 que
1578 3982 1628 4039 suD
1641 3982 1710 4040 ooelo
1723 3991 1796 4039 sunt.

1489 4073 1523 4130 m
1532 4076 1662 4146 οιιοιιοοιο
1674 4086 1729 4147 port
1741 4071 1834 4150 [nutu]
1843 4091 1850 4128 ε
1860 4073 1923 4132 iisse
1931 4073 1998 4132 dicit
2006 4073 2157 4146 Dominus,
2169 4073 2244 4134 ΙιΙο·

1452 4166 1541 4224 dietus
1554 4167 1635 4224 homo
1646 4169 1691 4240 quii
1705 4167 1816 4224 eoeiddit
1826 4167 1854 4222 in
1871 4165 1994 4236 homine,
2007 4175 2036 4224 et
2050 4161 2129 4240 ponit
2139 4183 2243 4226 (ιιιιιαιι

1453 4258 1591 4314 ltrscltium
1605 4273 1683 4314 suum
1695 4300 1705 4328 ,
1718 4267 1747 4316 cl
1763 4273 1778 4314 o
1792 4259 1906 4315 ὓοιιιῑιιο
1924 4256 2028 4315 recedit
2045 4273 2097 4316 cer
2109 4259 2179 4334 eltis
2191 4259 2244 4316 cm

1453 4351 1526 4406 euim
1540 4349 1616 4421 qussi
1637 4349 1747 4422 (ιιι-(ιω)
1768 4351 1794 4405 iu
1814 4349 1937 4414 dmerto,
1954 4357 2050 4406 elnon
2066 4350 2170 4408 ridcleit
2186 4365 2244 4408 curn

1454 4443 1557 4498 terserit
1576 4441 1693 4510 Donum;
1709 4441 1757 4498 sed
1770 4441 1899 4499 lubiteliit
1912 4441 1939 4499 in
1957 4441 2080 4498 siccltnto
2100 4443 2129 4498 in
2142 4441 2245 4500 deserto

1454 4533 1481 4589 in
1502 4543 1572 4590 terra
1585 4533 1727 4605 salsuginis
1740 4543 1768 4590 et
1786 4532 1962 4591 iulnnDitobili.
1975 4531 2141 4590 Beueelicters
2152 4531 2245 4606 tironi

1453 4625 1564 4681 conlidit
1576 4625 1603 4680 in
1617 4625 1748 4694 Douiim,
1766 4635 1793 4680 et
1804 4625 1857 4682 crit
1868 4623 1996 4680 Dumium
2008 4623 2107 4680 seducis
2123 4623 2195 4698 clus.
2214 4623 2245 4680 D

1454 4716 1506 4773 erit
1524 4717 1601 4788 quasi
1619 4717 1720 4789 lignum
1736 4717 1808 4788 quood
1823 4715 2033 4788 transplantatur
2051 4729 2242 4790 supermeat.

1454 4807 1525 4878 quod
1535 4807 1570 4863 nd
1585 4806 1724 4863 humorem
1734 4806 1815 4863 mittit
1828 4805 1933 4864 radices
1944 4819 2026 4874 suns;
2036 4815 2063 4863 ot
2077 4823 2134 4864 uon
2147 4807 2255 4870 timeltll¹

1453 4914 1516 4955 eum
1530 4899 1635 4956 venerit
1647 4907 1729 4954 estus
1739 4915 1747 4955 s
1758 4896 1846 4954 eterit
1855 4891 1946 4954 lulium
1959 4899 2019 4968 eius
2030 4896 2129 4966 virius,
2143 4899 2172 4957 in
2182 4909 2245 4958 tent·

1454 5005 1520 5060 pore
1532 4989 1660 5047 siccitatis
1674 5003 1727 5044 uou
1740 4987 1792 5046 erit
1804 4987 1946 5046 sollicitem
1956 5028 1964 5056 ,
1976 5003 2027 5046 noc
2037 4987 2186 5062 sliepnnmo
2201 4989 2246 5048 ds·

1452 5081 1523 5138 sinet
1535 5079 1622 5138 succro
1636 5079 1762 5137 [recursu.

1488 5171 1555 5228 item
1576 5173 1707 5247 aliqunto
1725 5184 1783 5248 port
1801 5171 1892 5249 [xxm]
1907 5193 1915 5232 ι
1929 5173 1993 5231 line
2012 5172 2079 5233 dicit
2101 5175 2244 5244 [lomim

1453 5265 1545 5323 Facite
1555 5264 1685 5338 judicium
1705 5273 1732 5322 et
1746 5262 1893 5336 justitiam,
1905 5272 1934 5320 et
1946 5265 2060 5324 liberato
2068 5267 2095 5323 ri
2106 5281 2244 5340 opressum

1452 5357 1488 5416 dn
1499 5373 1579 5415 manu
1590 5357 1806 5427 calumniatoris3
1823 5367 1851 5415 ct
1863 5356 2011 5427 adsonem,
2025 5367 2054 5416 et
2063 5358 2245 5432 propitiemus

1453 5447 1560 5504 uiduam
1574 5449 1657 5506 nolite
1668 5447 1842 5518 contristere,
1856 5463 1944 5520 neque
1962 5449 2122 5520 opprimatis
2140 5451 2243 5526 inicum

1453 5547 1482 5595 ot
1494 5539 1650 5610 sauguinem
1661 5537 1830 5594 innocentem
1841 5553 1876 5596 ne
1888 5537 2031 5595 ciluodutis
2044 5539 2073 5596 iu
2086 5539 2149 5599 luco
2162 5541 2223 5602 isto

1488 5630 1524 5687 m
1541 5630 1619 5702 poulo
1637 5639 1694 5704 post
1712 5626 1833 5704 [rursls
1847 5627 1895 5686 Vn
1908 5627 2062 5702 pusionibus
2078 5631 2128 5704 qui
2140 5631 2243 5706 dispcr-

1452 5731 1518 5796 guut
1529 5732 1558 5780 et
1568 5722 1715 5778 dilacerent
1727 5737 1836 5794 gregem
1857 5735 1963 5792 moeurs
1976 5735 2056 5791 mcc,
2068 5721 2134 5780 dicit
2153 5723 2242 5780 Donni·

1453 5831 1514 5873 uus.
1527 5815 1590 5872 ideo
1603 5814 1737 5871 haecdicit
1749 5814 1879 5871 Dmninus
1893 5812 1965 5870 Deos
1978 5811 2060 5870 lsrael
2074 5813 2111 5872 nd
2125 5825 2242 5888 pastores

1452 5907 1499 5979 qui
1513 5915 1627 5978 pessum
1638 5907 1764 5977 populum
1776 5921 1865 5962 meum
1875 5947 1883 5972 ,
1894 5903 1952 5962 ios
1962 5905 2129 5977 dispersistis
2138 5921 2241 5982 mern

1452 6013 1559 6066 meum,
1571 6008 1600 6055 et
1618 5999 1735 6070 eiecistis
1755 6013 1820 6066 eos,
1833 6007 1862 6055 et
1878 6013 1932 6054 non
1948 5998 2077 6056 sisiust
2090 6019 2099 6058 s
2110 6016 2177 6060 ecee
2194 6014 2241 6072 ogs

1452 6094 1566 6151 risimbo
1578 6108 1659 6164 super
1673 6108 1721 6150 uos
1732 6093 1860 6149 molitiem
1870 6091 2021 6152 sttrliurunt
2032 6101 2195 6162 vestrorum,
2205 6093 2239 6150 nil

1453 6185 1592 6242 Dominus.
1606 6183 1671 6240 lum
1685 6184 1762 6256 poulo
1775 6193 1851 6256 post:
1863 6183 1926 6240 lires
1938 6182 2004 6240 dicit
2022 6183 2152 6244 Dominus
2166 6199 2237 6244 eser·

1438 6288 1571 6347 -:·ettuum,
1583 6275 1671 6334 iioiite
1688 6275 1782 6332 todire
1800 6273 1881 6334 reris
1903 6273 2093 6348 prophetorum
2108 6275 2161 6350 'qul
2179 6261 2237 6352 pm·
