5709 7534
628 813 702 874 ms
1029 813 1074 872 DE
1092 813 1265 871 CONSENSU
1286 815 1607 888 tautnctttstttttttt,
1628 820 1656 876 S.
1678 822 1858 880 tuenstta't
2181 828 2249 885 ttet

630 958 688 995 eam
704 938 832 1009 discipulo
843 934 1052 1002 commendarit,
1067 935 1140 990 abire
1150 935 1205 1006 jam
1217 942 1353 1005 ruperant
1363 976 1370 1000 ,
1382 942 1412 989 ut
1466 936 1553 1007 inquo
1567 937 1684 992 nondum
1697 940 1834 1010 pruisquam
1846 939 1946 1009 positus
1961 939 2063 995 luerat»
2079 951 2153 1012 pauc.
2168 958 2247 1010 xtrat,

630 1030 785 1086 adensitate
806 1027 890 1083 turbae
911 1041 940 1081 se
959 1033 1101 1092 exuerent,
1117 1034 1144 1080 et
1162 1035 1329 1094 ceteraque
1344 1022 1411 1078 lacta
1465 1027 1520 1097 53).
1540 1026 1580 1081 Ex
1603 1026 1644 1082 lais
1666 1029 1749 1083 tribus
1773 1029 1844 1083 nulla
1862 1030 1973 1099 qtraestio
1992 1029 2167 1086 dissensionis
2183 1032 2248 1089 oriri

631 1131 693 1175 sunt
711 1120 815 1189 longius
830 1119 1010 1183 intuerentnr;
1025 1127 1053 1173 ut
1066 1117 1154 1172 ceteri
1174 1115 1348 1186 Evangelistae
1365 1114 1410 1184 qni
1464 1124 1551 1185 potest
1563 1134 1569 1169 :
1583 1114 1698 1171 loannes
1717 1126 1804 1172 autem
1826 1119 1987 1188 sepulturam
2008 1119 2111 1173 Domini
2126 1161 2134 1187 ,
2157 1137 2211 1176 non
2232 1136 2249 1177 s

629 1221 689 1281 post
711 1221 823 1267 mortem
848 1208 952 1265 Domiui
974 1224 1020 1265 eas
1041 1215 1334 1272 eonrmetnorarernut,
1354 1204 1409 1275 jam
1463 1205 1521 1262 solo
1539 1203 1654 1277 loseph,
1670 1206 1716 1261 sed
1731 1221 1745 1260 a
1760 1206 1902 1263 Nicodemo
1917 1223 2021 1278 qnoque
2034 1218 2152 1263 curatam
2166 1202 2249 1265 luisse

629 1301 706 1372 longe
719 1310 819 1357 stantes
829 1308 1077 1358 commemorarent.
1463 1304 1663 1351 commemorat.
1684 1295 1883 1367 Cottseqnemer
1904 1298 1974 1352 enim
1988 1313 2004 1352 a
2016 1298 2159 1354 Nicodemo
2182 1299 2249 1354 inciv-

626 1394 739 1450 caetu
758 1393 839 1450 xxtt.
849 1391 934 1447 -De
950 1390 1045 1464 Jouplr
1062 1391 1103 1462 qui
1115 1406 1205 1460 corpus
1219 1388 1319 1443 Domiui
1340 1386 1409 1457 petiit
1463 1387 1552 1455 piens,
1573 1387 1609 1441 ita
1631 1398 1737 1443 narrat:
1751 1387 1848 1444 allenit
1868 1398 1954 1444 autem
1970 1398 1996 1446 et
2008 1389 2184 1457 Nicodemus,
2200 1391 2245 1461 qui

661 1483 792 1551 ePilato,
818 1482 941 1554 quomodo
955 1499 1040 1537 oannes
1052 1481 1224 1545 consortium,
1244 1488 1267 1533 et
1284 1475 1408 1547 quomodo
1462 1486 1571 1532 reiterat
1591 1476 1624 1532 ad
1638 1477 1728 1535 lesum
1749 1487 1827 1534 nocte
1844 1478 1974 1550 prlmum,
1994 1479 2081 1535 lerens
2103 1482 2244 1537 misturam

662 1576 774 1646 empse
785 1573 898 1630 loannes
913 1592 962 1629 uon
977 1575 1116 1628 dissentiat.
1462 1567 1577 1637 myrrhae
1589 1577 1615 1623 et
1627 1567 1699 1624 aloes
1710 1568 1784 1639 quasi
1798 1567 1877 1623 libras
1891 1577 2006 1624 centum.
2020 1590 2029 1623 s
2042 1571 2142 1625 Deinde
2157 1573 2245 1641 seqni-

659 1666 704 1721 59.
723 1665 846 1735 Sequitur
858 1663 1014 1718 llattlneus:
1031 1680 1039 1713 a
1054 1662 1119 1716 Cum
1134 1674 1194 1716 sero
1209 1667 1296 1713 autem
1310 1660 1406 1710 laetum
1461 1664 1504 1709 mr
1525 1655 1670 1727 adjungens
1693 1658 1777 1727 ipsum
1791 1658 1907 1727 loseplr,
1922 1670 1949 1713 et
1961 1659 2040 1714 dicit:
2057 1662 2244 1732 ‹tleceperuot

623 1764 705 1822 esset,
718 1756 790 1810 renit
799 1754 904 1825 quidam
918 1753 997 1808 lrorno
1007 1753 1080 1807 dites
1090 1751 1124 1805 ab
1133 1749 1286 1814 Arimatlria,
1299 1748 1406 1802 nomine
1461 1759 1524 1816 ergo
1534 1760 1631 1817 corpus
1641 1746 1702 1802 lesa
1713 1788 1721 1814 ,
1733 1757 1759 1803 et
1775 1748 1919 1818 ligaverunt
1934 1764 1994 1804 enan
2007 1748 2096 1805 liuteis
2107 1766 2166 1804 carru
2181 1768 2243 1807 aro-

622 1843 738 1914 loseph,
749 1844 794 1914 qui
808 1852 836 1899 et
848 1843 904 1913 ipse
917 1842 1062 1911 discipulus
1077 1850 1135 1895 erat
1146 1839 1208 1895 lesu
1218 1855 1226 1904 ;
1238 1838 1281 1893 lrie
1294 1837 1407 1892 accessit
1460 1838 1589 1904 matilms,
1609 1839 1677 1894 sicut
1697 1853 1755 1895 mos
1775 1838 1873 1895 Iudeis
1885 1848 1926 1895 est
1939 1840 2062 1912 sepelire.
2077 1842 2140 1896 Erat
2154 1851 2242 1898 autem

622 1936 656 1990 ad
672 1935 801 2000 Pilatum,
812 1944 840 1991 et
851 1934 925 2005 petiit
941 1948 1037 2004 corpus
1049 1932 1111 1987 lesu
1123 1949 1129 1985 :
1142 1941 1204 1986 tnnc
1217 1929 1317 1983 Pilatus
1328 1915 1408 1997 iussit
1460 1924 1486 1978 in
1502 1926 1560 1982 loco
1571 1926 1764 1983 abierueillxus
1782 1935 1837 1996 cst,
1852 1927 1943 1983 hortus
1956 1946 1963 1995 ;
1978 1938 2004 1984 et
2017 1930 2042 1983 iu
2057 1929 2133 1985 lrorto
2149 1947 2242 1984 monn·

620 2013 696 2081 reddi
714 2039 833 2096 eorpus·
855 2022 961 2096 (llattlr.
982 2038 1076 2088 sxrrr,
1090 2022 1135 2089 57,
1153 2018 1209 2092 58).
1225 2018 1327 2074 llareus
1347 2017 1404 2073 sie:
1460 2025 1577 2071 mentum
1594 2032 1709 2082 norum,
1731 2018 1756 2073 in
1778 2034 1831 2089 quo
1850 2019 1965 2074 uorrdnm
1988 2021 2125 2091 quisquam
2141 2024 2242 2091 positus

623 2137 633 2169 a
648 2118 681 2172 Et
694 2132 754 2173 cum
764 2117 820 2185 iarn
833 2131 892 2171 sero
905 2123 976 2171 esset
989 2112 1096 2177 laetum,
1108 2112 1170 2182 quia
1182 2119 1239 2169 crat
1252 2123 1403 2180 paraseeve,
1458 2116 1515 2162 erat
1529 2124 1536 2160 :
1552 2106 1587 2162 ibi
1606 2123 1668 2178 ergo
1689 2117 1797 2178 propter
1815 2124 1974 2184 parasceuen
1993 2108 2160 2177 iudeorum,
2180 2113 2241 2182 qrtia

619 2208 690 2279 quod
705 2215 745 2263 est
756 2215 818 2262 aute
832 2206 984 2270 sabbatum,
1001 2203 1073 2259 venit
1084 2202 1183 2273 loseplt
1196 2202 1229 2257 alr
1243 2199 1403 2268 drimatlria,
1455 2197 1529 2267 juxta
1543 2204 1600 2253 erat
1613 2206 1827 2264 monumentum,
1848 2207 1992 2267 posuerunt
2013 2197 2103 2253 lesum
2119 2217 2128 2250 t
2151 2199 2239 2270 (loun.

620 2298 715 2355 nobilis
728 2296 846 2364 decurio,
860 2296 906 2367 qui
925 2304 953 2351 et
971 2296 1027 2365 ipse
1042 2303 1099 2350 erat
1119 2304 1275 2365 exspectans
1294 2306 1403 2361 reguum
1457 2299 1524 2353 tux,
1539 2285 1641 2358 stt-ta).
1671 2285 1761 2358 Neque
1780 2287 1822 2342 lrie
1841 2286 1939 2358 aliaptid
1960 2297 2088 2359 repugnat
2107 2298 2179 2343 reete
2199 2290 2238 2344 iu-

615 2388 666 2454 Dei
676 2405 684 2456 ;
696 2398 723 2446 et
733 2388 859 2445 audacter
872 2386 973 2443 introiit
985 2384 1018 2441 ad
1031 2385 1158 2451 Pilatum,
1177 2393 1204 2439 et
1222 2383 1296 2454 petiit
1307 2397 1403 2453 eorpus
1457 2375 1642 2446 telligentilms.
1655 2376 1745 2448 Neque
1757 2379 1828 2434 enim
1838 2378 1874 2434 illi
1886 2380 1930 2451 qni
1949 2379 1982 2434 de
1997 2379 2140 2435 Nicodemo
2151 2392 2238 2437 taene-

619 2479 695 2535 lesu.
707 2477 805 2534 Pilatus
819 2485 906 2532 autem
922 2475 1065 2531 mirabatur
1077 2475 1099 2531 si
1111 2474 1165 2544 jam
1178 2474 1287 2528 obiisset
1298 2488 1306 2526 ι
1318 2480 1344 2527 et
1356 2486 1403 2526 ae·
1456 2474 1527 2531 runt,
1538 2466 1735 2523 affirmaverunt
1745 2484 1759 2523 a
1769 2468 1827 2524 solo
1836 2469 1934 2540 loseph
1944 2470 2083 2525 Dominum
2095 2473 2237 2542 sepultum,

619 2568 716 2623 cersito
734 2567 893 2623 Centmione
906 2564 1074 2635 interrogarit
1087 2578 1147 2618 eum
1165 2563 1188 2618 si
1206 2562 1261 2633 jam
1282 2571 1402 2618 mortuns
1455 2558 1575 2628 quamvis
1584 2560 1666 2616 solius
1681 2562 1959 2617 commemorationem
1974 2564 2099 2631 iecerint;
2117 2575 2161 2620 aut
2176 2569 2237 2637 quia

617 2668 707 2725 esset;
721 2669 747 2713 et
759 2672 819 2714 cnm
832 2656 998 2728 cognovisset
1011 2671 1026 2710 a
1039 2655 1208 2721 centurione,
1221 2654 1329 2710 donarit
1342 2669 1403 2710 cor.
1455 2646 1491 2702 illi
1505 2663 1555 2702 nna
1568 2649 1678 2705 sindone
1698 2666 1714 2707 a
1731 2650 1830 2723 loseph
1850 2653 1996 2709 inuolutam
2020 2654 2160 2723 dixerunt,
2177 2673 2237 2726 pro-

618 2764 669 2819 pus
682 2745 800 2817 losepltr
816 2746 910 2820 (llere.
927 2762 970 2814 xv,
983 2745 1086 2817 tata).
1100 2745 1183 2801 Lucas
1197 2746 1253 2801 sie:
1269 2764 1278 2797 r
1293 2746 1327 2801 Et
1338 2761 1401 2802 ecce
1454 2747 1544 2809 pterea
1565 2739 1754 2809 prohibuemnt
1777 2741 1885 2813 intelligi
1907 2753 1934 2797 et
1955 2743 2006 2797 alia
2026 2742 2104 2799 lintea
2121 2747 2237 2815 potuisse

616 2837 660 2892 rir
679 2834 916 2907 nomineloseplt,
929 2834 973 2905 qui
988 2842 1045 2889 erat
1064 2833 1187 2901 decurio,
1208 2834 1248 2888 sir
1268 2835 1354 2890 bonus
1373 2844 1401 2891 et
1453 2831 1540 2887 altem
1554 2848 1568 2887 a
1581 2831 1724 2890 Nicodemo
1736 2842 1762 2890 et
1775 2834 1931 2905 superaddi,
1952 2844 1981 2890 nt
2004 2852 2095 2891 vertam
2118 2847 2237 2892 narraret

607 2915 702 2998 Iiustus
711 2924 766 3000 (laic
775 2940 827 2982 uon
838 2924 1123 2983 consenseratconsilio
1132 2934 1159 2981 et
1168 2925 1269 2980 actibus
1281 2927 1397 2997 eorum),
1453 2922 1578 2992 loannes,
1589 2923 1658 2994 quod
1678 2940 1730 2979 non
1745 2939 1798 2981 uno
1817 2926 1913 2989 linteo,
1928 2925 1974 2980 sed
1995 2926 2083 2981 liuteis
2103 2927 2237 2984 inmlnms

615 3016 649 3071 ab
658 3015 806 3072 drimatlaia
818 3015 923 3071 ciuitate
936 3013 1051 3081 iudaeae,
1064 3016 1109 3086 qui
1122 3016 1291 3086 exspectabat
1301 3025 1329 3072 et
1342 3018 1399 3088 ipsc
1452 3015 1505 3069 sit:
1517 3014 1636 3086 quamris
1654 3021 1682 3072 et
1701 3021 1809 3087 propter
1820 3013 1954 3072 sudarium
1971 3017 2040 3088 quod
2061 3016 2140 3086 caprili
2157 3018 2235 3073 adiri·

614 3122 725 3179 regnam
736 3107 801 3173 Dei;
814 3107 857 3163 laic
870 3106 980 3162 accessit
992 3106 1025 3162 ad
1036 3107 1158 3175 Pilatum,
1174 3117 1200 3163 et
1214 3108 1290 3179 petiit
1303 3124 1399 3181 corpus
1451 3100 1572 3169 lrcltatnr,
1592 3113 1619 3159 et
1638 3103 1740 3159 institas
1761 3104 1857 3175 quibus
1877 3120 1973 3175 eorpus
1995 3110 2077 3160 totum
2098 3106 2234 3176 alligatum

607 3191 679 3254 'lesu
690 3217 700 3253 r
713 3197 786 3270 (ιιι.
800 3214 875 3268 sarar,
886 3196 993 3270 tta-52).
1004 3197 1119 3257 loannes
1128 3208 1216 3256 autem
1228 3210 1398 3272 posteaquam
1452 3201 1502 3261 est,
1518 3194 1578 3266 qaia
1590 3193 1679 3249 omnia
1693 3192 1727 3249 de
1742 3194 1796 3251 lino
1809 3203 1894 3260 erant,
1908 3195 2010 3250 etiarnsi
2025 3212 2076 3250 una
2091 3196 2184 3250 sindon
2199 3197 2234 3251 ibi

614 3290 910 3347 namvilducruribus
930 3289 1018 3346 fractis
1037 3305 1129 3346 porum
1150 3291 1195 3362 qui
1215 3307 1274 3349 gum
1288 3293 1398 3349 Domino
1451 3279 1509 3351 luit,
1521 3284 1658 3339 letissime
1668 3282 1719 3338 dici
1733 3285 1832 3353 puluil,
1846 3285 1983 3355 ligaverunt
1995 3290 2051 3338 et'tnt
2064 3284 2155 3340 lr'ttlct's.
2171 3285 2235 3340 Lin-

605 3378 732 3435 erucillxi
745 3389 831 3448 eraut,
846 3386 874 3435 et
891 3378 925 3434 de
942 3379 1024 3434 latere
1038 3379 1141 3436 Domini
1154 3381 1244 3436 laneca
1259 3395 1395 3453 percusso,
1450 3372 1974 3444 l⁰³‘lllPPPllllllllllllllli⁰¹¹¹¹ll¹lllum
1988 3373 2191 3430 ¹5¹¹0101un111r·

604 3462 684 3543 'quod
697 3481 780 3528 totum
794 3471 866 3527 solus
877 3470 959 3538 dixit,
973 3470 1107 3542 subjungit
1125 3472 1294 3527 consentiens
1314 3483 1397 3529 caete·
1450 3462 1561 3518 CAPUT
1569 3459 1748 3517 XMV-⁰⁶
1762 3461 1800 3516 Μ*
1813 3473 1869 3532 pute
1881 3462 1947 3516 ‘llll
1961 3472 2057 3533 'lilim'
2073 3466 2233 3520 imill‘ll'l·

607 3562 666 3628 ·ris,
683 3561 720 3617 ita
739 3576 850 3615 narrans
862 3578 869 3614 :
881 3559 945 3615 Post
958 3560 1011 3615 lroec
1023 3568 1106 3615 autem
1119 3563 1214 3634 rogasit
1228 3555 1396 3618 Pilargmto.
1485 3554 1524 3609 nis
1546 3551 1648 3608 Domini
1666 3557 1733 3628 sueto
1754 3563 1832 3620 sunt,
1850 3555 2057 3624 queamdmodum
2076 3573 2161 3611 purnes
2182 3574 2233 3611 non

606 3651 674 3722 ‘sepit
685 3651 717 3705 od
729 3645 878 3716 dtinrutlu'o,
891 3666 920 3704 eo
931 3650 997 3719 quod
1011 3660 1071 3705 essct
1083 3651 1220 3723 discipulus
1230 3650 1302 3719 lesu,
1315 3655 1398 3709 occul·
1423 3687 1426 3695 ·
1483 3645 1547 3700 lille?
1558 3660 1584 3698 ⁸0
1596 3643 1753 3699 diuendita!-

613 3753 654 3795 tus
666 3749 749 3794 celem
762 3749 863 3811 propter
877 3748 969 3793 uratum
978 3736 1143 3808 ludaeorum,
1157 3749 1184 3795 ut
1197 3738 1293 3796 tolleret
1306 3758 1396 3815 corpus
1483 3737 1527 3793 Dl·
1552 3735 1677 3807 Sequitur
1696 3734 1833 3791 Mullllffllts
1847 3754 1853 3789 τ
1871 3754 1881 3788 t
1907 3737 1971 3792 Erat
1991 3748 2078 3793 aulem
2091 3739 2125 3793 ild
2151 3738 2230 3794 diaria

612 3822 674 3883 less
685 3844 692 3884 :
705 3836 729 3883 et
742 3828 857 3900 perressit
876 3821 986 3882 Pilatus.
1007 3826 1077 3883 Venit
1092 3844 1169 3902 ergo,
1188 3838 1213 3886 et
1231 3832 1286 3886 tulit
1305 3849 1396 3903 corpur
1447 3823 1633 3896 llagdaleueet
1644 3825 1726 3881 altera
1739 3825 1818 3880 llaria
1829 3826 1950 3882 sedentes
1959 3838 2050 3882 contra
2060 3829 2229 3898 sepulerum»

612 3913 673 3974 dem
683 3917 771 3991 (loun.
783 3933 840 3985 xta,
854 3915 909 3989 58).
919 3917 948 3972 ln
962 3918 1014 3973 lroc
1025 3918 1088 3973 nilail
1101 3927 1189 3975 exstat
1200 3920 1225 3974 in
1238 3919 1395 3993 qnoaliunis
1447 3912 1558 3987 (Daldi-
1576 3930 1661 3982 ΝΠ,
1677 3916 1707 3970 61
1720 3914 1740 3985 l·
1763 3915 1838 3984 0⁰⁰0
1851 3916 1953 3971 Mallus
1971 3915 2007 3971 ¹¹²
2021 3917 2084 3972 dielt
2098 3935 2105 3973 τ
2123 3936 2132 3969 ⁸
2149 3918 2229 3974 Maria

612 4017 705 4065 eurtum
719 4003 797 4064 alicui
810 4021 956 4078 repugnare
969 4006 1097 4063 rideatur.
1112 4006 1166 4065 Scd
1176 4007 1270 4080 aliquis
1284 4009 1395 4069 lorsilaa
1446 4015 1535 4063 tutem
1547 4004 1701 4077 llagdalene
1715 4015 1741 4062 et
1752 4005 1834 4063 llaria
1847 4006 1946 4080 loseph
1957 4008 2117 4078 aspiciebant
2130 4009 2172 4064 ulti
2184 4024 2231 4078 po-

611 4105 714 4169 suerat
724 4094 857 4171 quomodo
870 4112 886 4152 a
898 4099 1042 4169 semetipso
1057 4097 1173 4155 loannes
1192 4100 1249 4171 ipse
1269 4118 1321 4156 nou
1341 4102 1396 4160 dis·
1446 4108 1553 4161 ncretnr
1569 4117 1579 4153 r
1596 4097 1747 4166 illoram,
1762 4097 1984 4169 trutinatorem
2004 4114 2050 4156 cos
2066 4115 2098 4157 et
2114 4101 2163 4158 lroe
2176 4101 2230 4158 dis-

611 4197 716 4261 crepet,
727 4196 879 4244 eortnstaus
898 4203 959 4243 oum
977 4188 1081 4244 ceteris
1097 4188 1168 4260 quod
1178 4188 1277 4263 loseph
1290 4194 1395 4263 petierit
1445 4190 1544 4247 sentire
1555 4189 1722 4246 manilestum
1736 4197 1787 4246 est.

610 4295 708 4350 eorpus
726 4279 804 4345 lesu,
820 4287 847 4333 et
865 4277 938 4333 solus
957 4276 1049 4334 dicens
1070 4278 1140 4348 quod
1163 4281 1282 4336 occultus
1302 4284 1393 4342 luisset
1481 4280 1526 4338 62.
1545 4279 1669 4349 Seourm
1687 4279 1823 4337 llattlneus
1837 4298 1845 4337 :
1859 4299 1869 4335 a
1885 4284 1974 4337 Altera
1988 4290 2076 4338 antem
2098 4281 2151 4349 die,
2167 4298 2228 4353 quae

611 4370 756 4442 discipulus
767 4367 871 4425 Domini
885 4377 993 4439 propter
1006 4376 1105 4423 metum
1115 4351 1267 4426 tiuaornn
1277 4386 1286 4425 a
1298 4373 1393 4430 merito
1444 4381 1485 4429 est
1498 4382 1557 4444 post
1575 4386 1748 4442 parasceuen,
1767 4380 1947 4428 convenerunt
1958 4370 2090 4443 principes
2102 4373 2228 4429 sacerdo·

609 4459 680 4516 enim
696 4466 801 4528 moret,
818 4472 866 4514 eur
884 4457 929 4515 illc
946 4458 991 4528 qni
1009 4467 1116 4528 propter
1135 4459 1255 4515 timorem
1274 4460 1393 4517 occultas
1445 4469 1500 4518 tum
1512 4470 1539 4517 et
1561 4460 1686 4517 Pharisaei
1698 4461 1731 4515 ad
1745 4461 1868 4528 Pilatum,
1889 4459 2007 4516 dieentes
2022 4478 2029 4514 ε
2044 4460 2164 4528 Domine,
2185 4478 2228 4518 re-

610 4548 755 4621 diseipulus
768 4557 843 4617 erat,
861 4560 941 4603 ausus
957 4546 992 4602 sit
1010 4555 1101 4617 patere
1118 4561 1215 4619 corpus
1233 4548 1304 4618 eius,
1321 4551 1392 4622 quod
1444 4552 1544 4609 cordati
1563 4565 1654 4609 sunaus
1668 4552 1729 4624 quia
1743 4550 1867 4607 seductor
1887 4550 2009 4607 illedixit
2023 4552 2109 4610 adlme
2122 4553 2226 4620 uirens,

610 4642 699 4699 trullus
716 4655 810 4696 eorum
823 4639 868 4711 qai
882 4652 942 4694 eam
956 4638 1042 4711 palam
1063 4639 1390 4708 sequebantarsanderet.
1444 4645 1508 4701 Post
1525 4654 1579 4698 tres
1590 4641 1647 4698 dies
1668 4657 1802 4713 resurgam
1818 4640 1899 4712 :jube
1916 4655 1980 4713 ergo
1993 4642 2120 4699 custodiri
2140 4644 2228 4714 sepul·

609 4732 663 4790 Sed
685 4729 885 4802 intelligendum
908 4740 963 4797 cst,
984 4730 1063 4786 istum
1079 4727 1173 4785 fiducia
1186 4730 1321 4801 dignitatis
1341 4736 1392 4789 troc
1444 4749 1519 4791 cmm
1533 4748 1617 4805 usqne
1636 4733 1662 4788 in
1681 4731 1751 4788 diem
1764 4731 1870 4787 tertiam
1881 4748 1889 4799 ;
1902 4747 1937 4788 ne
1949 4733 2017 4788 lorte
2030 4733 2136 4789 reniam
2149 4733 2227 4789 disei-

608 4823 777 4895 fecisseque
795 4821 921 4894 praeditus
935 4828 1040 4892 poterat
1059 4818 1224 4877 familiariter
1245 4823 1344 4880 intrare
1357 4824 1391 4880 ad
1444 4825 1497 4896 puli
1514 4825 1581 4895 eius,
1595 4830 1623 4879 et
1636 4821 1757 4879 iurentur
1768 4836 1839 4889 orant,
1860 4830 1888 4878 et
1903 4821 1992 4877 dicant
2012 4824 2092 4894 plebi,
2107 4824 2227 4879 Surrexit

609 4911 721 4969 Pilatum
734 4929 741 4967 :
752 4912 779 4967 in
792 4920 911 4970 extremo
930 4918 1018 4964 antem
1037 4909 1083 4966 illo
1103 4908 1190 4965 ollieio
1211 4910 1295 4966 luneri
1314 4911 1390 4968 exiri·
1442 4932 1457 4971 ο
1474 4914 1604 4982 mortuis3
1617 4923 1644 4971 et
1657 4914 1708 4970 erit
1720 4914 1877 4970 norissimus
1892 4928 1967 4969 error
1980 4916 2054 4985 pejor
2069 4913 2165 4985 priore.
2182 4915 2226 4970 llit

609 5001 697 5058 bando
710 5003 798 5059 minus
813 5016 920 5058 curasse
930 5000 965 5056 de
977 4998 1092 5069 ludaeis,
1108 4999 1229 5071 quamris
1247 5001 1345 5057 soleret
1363 5000 1390 5059 lu
1442 5006 1496 5062 illis
1514 5005 1633 5061 Pilatus:
1649 5003 1756 5060 llaltetis
1771 5002 1928 5070 custodiam,
1948 5004 1993 5071 ite,
2015 5004 2144 5060 custodite
2157 5005 2225 5059 sient

608 5090 722 5146 Donrino
735 5090 968 5146 audiendoeorum
981 5088 1270 5147 inimieltlasderitare.
1442 5096 1524 5154 scitis.
1553 5093 1593 5153 illi
1614 5103 1702 5150 antem
1723 5094 1851 5150 alterantes
1878 5093 2028 5150 munierant
2049 5094 2220 5163 sepulerum,

608 5176 721 5238 (APUT
737 5176 876 5236 titut-
887 5178 924 5233 De
938 5180 1066 5250 sepullum
1084 5180 1155 5252 clus,
1171 5182 1295 5252 montedo
1308 5191 1356 5238 tres
1374 5201 1390 5238 c
1442 5191 1575 5261 signantes
1600 5185 1725 5257 lapidem,
1742 5200 1802 5241 cum
1822 5184 1974 5241 custodibus
1991 5182 2125 5253 sllluttlt.
2140 5199 2221 5249 xxvtt,

836 5269 1161 5327 dvfllttllvlldlttllll'lll·
1440 5277 1547 5349 tta-uu).
1575 5275 1631 5333 llcc
1647 5274 1720 5331 solus
1736 5274 1874 5329 llattlroeus
1885 5278 1990 5333 narrat,
2010 5271 2084 5325 nnllo
2108 5271 2220 5324 aliorum

644 5363 689 5423 80.
704 5360 830 5434 Sequitur
842 5359 998 5416 llattluens:
1015 5362 1071 5416 «Et
1085 5374 1193 5436 accepto
1206 5380 1327 5435 corporo,
1341 5366 1388 5424 lo·
1443 5378 1566 5425 narrante
1591 5365 1688 5438 aliquid
1715 5364 1786 5436 qnod
1811 5362 1872 5418 lanio
1893 5359 2013 5417 rideatur
2034 5374 2093 5416 esse
2115 5369 2222 5415 contra·

608 5456 675 5531 seph
690 5452 801 5513 inrolrit
814 5448 878 5506 illud
891 5449 917 5502 in
930 5448 1041 5505 sindone
1054 5451 1168 5519 manda,
1183 5462 1210 5509 et
1224 5456 1310 5524 posuit
1325 5458 1389 5513 illud
1442 5459 1520 5514 rium.

607 5553 634 5604 in
649 5551 881 5603 monumentosuo
895 5552 977 5603 noro,
990 5539 1060 5607 qnod
1073 5541 1207 5597 exciderat
1220 5544 1246 5598 in
1261 5554 1389 5614 patratet
1477 5549 1522 5605 63.
1549 5545 1649 5603 Deinde
1679 5547 1800 5619 seqnitur
1822 5544 1891 5602 idem
1914 5543 2067 5613 llattlueus,
2092 5553 2120 5602 et
2141 5545 2228 5603 dicit:

607 5638 724 5698 ardrolrit
742 5649 835 5694 saxum
854 5646 978 5704 magnum
997 5629 1146 5686 ad'ostium
1168 5639 1348 5707 monumenti,
1363 5650 1390 5696 et
1444 5660 1454 5694 a
1478 5640 1592 5708 Vespere
1612 5648 1699 5693 amens
1722 5637 1833 5704 sabbati,
1855 5652 1916 5707 qam
1936 5636 2046 5692 lucescit
2067 5636 2093 5692 iu
2114 5637 2227 5707 primam

606 5731 693 5790 alriltr
713 5727 819 5802 (Haud
833 5740 923 5791 xxut,
940 5724 984 5790 59,
1001 5721 1056 5796 tn).
1073 5721 1178 5781 llareas
1194 5727 1251 5782 sic:
1266 5746 1276 5780 t
1289 5727 1389 5802 tosept
1441 5731 1544 5789 sabbati
1559 5732 1579 5798 ¹,
1593 5731 1666 5785 renit
1679 5730 1759 5785 llaria
1777 5729 1930 5797 llagdalcne
1942 5738 1969 5784 et
1988 5729 2070 5785 altera
2090 5727 2171 5784 llaria
2186 5731 2227 5783 ri·

606 5835 694 5880 artem
708 5829 840 5878 mercatus
853 5818 1001 5883 sindonem,
1016 5826 1044 5871 et
1055 5815 1191 5886 deponens
1205 5832 1267 5873 eum
1279 5818 1389 5879 tnrotut
1441 5824 1506 5880 dere
1538 5822 1696 5891 sepulerum.
1725 5821 1757 5875 Et
1785 5835 1848 5875 ecee
1872 5827 1951 5876 terra
1974 5826 2062 5875 motus
2084 5817 2166 5873 lactus
2187 5831 2228 5875 est

605 5913 728 5980 sindone,
743 5920 770 5969 et
781 5910 868 5981 posuit
877 5924 937 5964 eum
947 5908 973 5963 in
984 5909 1153 5963 monumento
1167 5907 1236 5976 quod
1249 5918 1306 5963 erat
1318 5914 1391 5967 etel-
1442 5929 1560 5988 magmas.
1577 5911 1694 5983 angelus
1707 5911 1777 5966 enim
1793 5910 1897 5967 Domini
1909 5908 2046 5966 deseendit
2065 5909 2098 5964 de
2109 5909 2188 5978 eaelo,
2202 5922 2227 5966 et

596 6000 814 6075 *sumdepetraz
828 5997 984 6055 etadrolrit
1003 5996 1117 6068 lapidem
1133 5996 1275 6053 adestium
1289 6013 1388 6057 monn·
1473 6046 1688 6129 ‘mimium
1698 6052 2016 6124 wau-mmmm
2027 6066 2080 6110 ,m
2099 6060 2226 6109 corbem,

602 6092 688 6150 'menti
701 6110 711 6146 r
725 6089 820 6166 (llere.
831 6103 877 6157 xr,
887 6086 944 6160 ta).
957 6087 1042 6190 laneas
1054 6087 1129 6191 sicu
1145 6087 1177 6141 llt
1190 6086 1337 6155 depositum
1349 6089 1388 6145 in·
1442 6130 1484 6187 sis.
1492 6132 1654 6190 mmm,
1662 6139 1721 6188 emt,
1732 6132 1869 6177 mmm,
1880 6123 1980 6179 mmm,
1991 6120 2133 6180 wrm,
2146 6119 2224 6171 goie,

606 6183 686 6239 rolrit
699 6183 726 6238 in
738 6180 894 6251 sindone,·et
901 6184 989 6251 posuit
1003 6191 1063 6235 eura
1073 6193 1100 6236 m
1108 6187 1279 6236 monumento
1288 6180 1387 6253 exciso,
1442 6204 1543 6258 grecus,
1555 6190 1590 6243 etr
1600 6191 1665 6243 anm
1675 6186 1794 6248 salmam,
1807 6185 1831 6235 nr
1841 6196 1912 6235 immo
1920 6183 2078 6236 antuman.
