5709 7534
619 858 672 915 set

619 971 747 1044 pepercit,
763 969 872 1027 uelorte
882 983 932 1026 nec
944 967 991 1025 tibi
1002 974 1102 1041 pareat.
1115 966 1253 1038 Videerqe
1263 965 1409 1022 benitatem

619 1073 646 1118 et
660 1062 830 1118 seueritatem
844 1059 891 1116 bei
904 1077 913 1115 r
928 1060 954 1115 iu
968 1072 1016 1115 eos
1028 1059 1133 1129 quidem
1141 1058 1185 1128 qni
1195 1048 1410 1121 cecideruuese·

619 1155 774 1219 reritatem;
787 1150 813 1207 in
829 1161 855 1207 te
864 1159 953 1207 autem
965 1150 1109 1207 benitatem
1124 1150 1144 1217 ¹,
1157 1149 1179 1204 si
1194 1146 1370 1219 permanseris
1381 1144 1409 1200 in

618 1244 749 1300 trinitate.

655 1335 689 1390 et
708 1333 786 1406 poulo
808 1342 862 1405 pest
880 1331 955 1407 [stt]
971 1351 978 1388 :
994 1333 1112 1389 Obsecro
1126 1332 1215 1401 itaque
1226 1345 1284 1396 ros,
1304 1328 1409 1396 iratres,

619 1444 667 1496 rer
680 1426 887 1482 miscricordiam
902 1425 948 1481 bei
962 1466 970 1486 ,
992 1434 1020 1479 nt
1039 1422 1186 1480 erinilneatis
1198 1437 1309 1492 corpora
1322 1432 1410 1477 nestra

620 1521 733 1575 bostiam
746 1519 890 1581 sinentem,
904 1532 1034 1583 senecam,
1052 1516 1106 1570 beo
1119 1515 1279 1586 placentem.
1293 1512 1411 1568 rationa-

619 1613 671 1668 bile
684 1610 841 1681 obsequium
855 1618 981 1666 restrum.
1008 1609 1040 1662 bt
1054 1606 1136 1663 nolite
1160 1603 1322 1661 conformari
1345 1602 1408 1657 buic

619 1702 735 1766 securim
749 1700 796 1756 sed
809 1698 990 1756 reformamini
1005 1698 1154 1755 innonitate
1163 1712 1258 1752 setrsus
1268 1696 1347 1751 vestri
1361 1712 1368 1748 ε
1381 1705 1410 1750 ιιι

620 1792 812 1861 proterisque
837 1791 873 1846 sit
893 1791 1015 1845 rolnntas
1040 1789 1088 1844 liei
1112 1788 1190 1852 bona,
1208 1797 1234 1842 et
1248 1787 1364 1856 placens,
1381 1794 1410 1840 et

620 1882 747 1952 perlecta.
761 1882 825 1935 bico
837 1881 908 1935 enim
920 1878 1087 1950 pergratiam
1102 1892 1161 1947 qnae
1176 1875 1237 1930 data
1256 1884 1297 1930 est
1322 1872 1408 1938 mibi,

619 1972 742 2027 «intralibus
765 1971 810 2041 qui
834 1978 897 2024 sunt
918 1970 987 2024 inter
999 1982 1056 2030 vos,
1071 1983 1124 2022 non
1137 1968 1196 2039 plns
1209 1981 1303 2036 sapere
1328 1980 1408 2037 qnam

620 2071 725 2132 oportet
735 2075 840 2131 sapere,
852 2059 899 2116 sed
910 2073 1004 2128 sapere
1017 2058 1051 2113 ad
1066 2058 1247 2123 sobrietatem,
1267 2057 1410 2126 emicuiqne

619 2155 687 2208 sieut
702 2153 772 2208 Deus
786 2151 876 2206 diuisit
889 2165 1041 2205 mensnram
1056 2149 1126 2203 lidei.
1144 2147 1218 2205 Sicut
1231 2148 1302 2203 enim
1316 2148 1342 2201 in
1357 2159 1410 2200 uno

618 2260 730 2315 eorpore
742 2243 823 2298 trinita
838 2242 958 2297 membra
973 2240 1112 2304 babemus,
1125 2239 1213 2294 omnia
1225 2247 1313 2293 antem
1323 2252 1409 2293 mem-

620 2337 666 2389 bra
682 2350 734 2389 non
759 2332 884 2388 eumdem
909 2340 997 2386 actnm
1022 2330 1120 2385 liabent
1140 2348 1148 2384 ε
1169 2329 1204 2384 ita
1228 2328 1303 2383 multi
1328 2342 1409 2382 urtrrm

618 2440 716 2495 corpus
729 2439 822 2480 sttmus
835 2423 862 2493 in
877 2420 994 2486 Christo,
1007 2420 1103 2492 singuli
1120 2428 1209 2474 autem
1221 2418 1289 2474 alter
1301 2418 1410 2473 alterius

620 2516 750 2571 irnerrtbra.
770 2513 905 2570 liabentes
916 2521 1005 2569 autem
1018 2512 1175 2568 donationes
1190 2510 1336 2567 secundnm
1349 2525 1411 2581 qra-

619 2606 694 2670 tiam,
705 2621 765 2676 qnae
779 2603 840 2660 data
850 2612 892 2660 est
903 2604 990 2669 nobis,
999 2602 1168 2668 dilier'entes3
1179 2600 1409 2671 sirepmplretiam

619 2698 766 2753 secundnm
788 2697 918 2753 rationem
941 2696 1021 2764 ddei3
1043 2695 1101 2751 sine
1121 2694 1346 2761 ministerium,in
1359 2694 1410 2749 mi·

618 2789 772 2855 nistrando;
787 2790 843 2844 site
856 2789 901 2860 qni
913 2788 1001 2853 docet,
1023 2786 1049 2842 in
1071 2786 1191 2843 doctrina
1201 2803 1209 2852 ;
1221 2786 1265 2856 qni
1285 2784 1410 2841 esberta·

619 2891 673 2947 tnr,
688 2881 714 2935 in
727 2878 910 2945 exhortando;
930 2880 975 2949 qni
990 2878 1091 2945 tribuit,
1116 2878 1142 2933 in
1161 2877 1345 2948 simplicitate;
1364 2877 1410 2949 qni

618 2980 725 3043 praeest,
740 2972 766 3026 in
776 2969 973 3037 sollicitudine;
987 2970 1032 3040 qui
1045 2969 1200 3035 miseretur,
1215 2968 1242 3024 in
1255 2967 1408 3025 bilaritate:

617 3063 727 3118 dilectio
745 3062 803 3117 sine
817 3061 1001 3126 simulatione,
1013 3059 1134 3115 odientes
1146 3059 1257 3126 malum,
1270 3058 1410 3115 adbaeren-

618 3161 660 3207 tes
669 3152 756 3218 bouo;
768 3150 925 3207 charitatem
934 3152 944 3183 ¹
952 3150 1124 3206 iratemitatis
1134 3150 1246 3205 iurieem
1256 3149 1407 3221 diligentes,

619 3242 843 3297 lionoreinrieem
857 3241 1064 3311 praevenientem
1074 3239 1252 3297 sollicitudine
1266 3256 1318 3295 non
1329 3241 1408 3312 piqri,

618 3333 713 3403 spiritu
727 3332 871 3399 ten-entes,
883 3332 995 3388 bomine
1014 3331 1177 3399 servientes,
1189 3345 1238 3403 spe
1251 3330 1409 3403 gaudentes,

618 3427 645 3480 in
653 3423 822 3480 tribulatione
830 3424 971 3494 patientes,
983 3422 1097 3479 orationi
1111 3423 1251 3488 instantes,
1265 3424 1410 3480 necessita·

618 3518 691 3572 tibus
709 3525 861 3574 merciorum
880 3516 1125 3583 communicantes,
1146 3515 1352 3586 hospitalitatem
1366 3530 1410 3573 se·

618 3618 734 3664 etentes.
750 3608 901 3663 ilenebdte
913 3606 1133 3678 persequentibus
1144 3621 1202 3674 vos,
1214 3605 1374 3673 benedicite,
1383 3615 1412 3663 et

619 3698 702 3753 nolite
723 3698 894 3754 maledicere.
917 3697 1040 3754 Gaudere
1057 3712 1118 3753 eum
1133 3695 1320 3768 gaudentibus,
1345 3697 1410 3754 llere

619 3804 682 3844 eum
695 3788 831 3844 uentibus.
847 3787 963 3857 idipsum
978 3787 1091 3843 invicem
1104 3786 1260 3844 sentientes.
1284 3787 1343 3845 lion
1356 3790 1409 3846 aita

617 3882 762 3953 sapientes,
791 3878 837 3936 sed
864 3878 1008 3935 buuiilibns
1022 3879 1229 3936 eonsentientes.
1242 3878 1331 3935 Nolite
1349 3895 1410 3937 esse

618 3972 762 4042 prudentes
775 3969 844 4042 apud
857 3971 1044 4041 vosmetipsos.
1067 3969 1137 4026 Nulli
1152 3970 1251 4026 malum
1274 3986 1325 4042 pro
1339 3972 1409 4028 malo

617 4064 776 4120 reddentes:
788 4062 957 4133 providentes
968 4061 1048 4128 bona,
1063 4076 1115 4117 non
1127 4069 1228 4116 uatum
1241 4075 1331 4116 coram
1343 4061 1407 4129 beo,

618 4155 664 4210 sed
680 4156 761 4211 etiam
775 4169 865 4210 eoram
878 4154 1002 4210 omnibus
1014 4152 1174 4208 bominibus.
1189 4149 1219 4210 st
1238 4153 1295 4209 lieri
1310 4161 1408 4224 potest,

617 4246 688 4316 quod
703 4261 736 4301 ex
752 4246 828 4302 robis
839 4255 897 4311 est,
918 4259 980 4301 eum
998 4245 1122 4301 omnibus
1143 4244 1295 4301 bominibus
1316 4260 1408 4317 pacem

618 4335 757 4393 babentes.
770 4336 829 4392 lion
852 4336 1030 4406 vosmetipsos
1042 4335 1225 4404 defendentes,
1240 4336 1407 4404 cbarissimi;

617 4428 664 4483 sed
677 4427 739 4483 date
753 4428 840 4484 lucum
859 4427 916 4483 ire.
929 4427 1062 4499 Scriptum
1082 4436 1124 4484 est
1144 4430 1233 4492 enirn,
1248 4428 1311 4487 lirbi
1324 4429 1410 4485 vindi-

618 4526 698 4585 ctam,
711 4533 761 4589 eqo
781 4518 937 4586 retribuam,
950 4516 1016 4574 dicit
1026 4518 1165 4574 Dominus.
1179 4519 1232 4576 Sed
1249 4521 1273 4578 si
1285 4521 1410 4577 esurierit

620 4608 744 4663 inimicus
757 4616 826 4674 tuus,
841 4607 899 4664 ciba
912 4607 1001 4677 ilium;
1015 4608 1040 4665 si
1050 4608 1117 4677 sitit,
1135 4618 1227 4679 potum
1240 4610 1272 4666 dn
1285 4611 1321 4667 iili
1335 4629 1342 4666 ι
1357 4611 1409 4668 boe

617 4700 689 4754 enim
708 4699 826 4765 iaciens,
850 4699 981 4756 carbona
995 4699 1064 4771 iqnis
1078 4714 1207 4770 eonqeres
1225 4715 1305 4772 super
1328 4711 1410 4774 caput

617 4793 685 4863 ejus.
696 4792 755 4849 Noli
766 4792 836 4847 rinei
849 4808 865 4847 a
879 4791 960 4860 malo,
975 4792 1023 4849 sed
1036 4793 1113 4848 sirice
1127 4793 1153 4849 in
1166 4792 1238 4849 bono
1250 4794 1361 4850 rnaiuru.

653 4881 737 4956 [run]
751 4883 844 4939 bannis
853 4884 942 4938 aniana
953 4884 1127 4953 potestatibus
1136 4882 1335 4941 sublimioribus
1343 4885 1408 4941 sub·

617 4975 671 5031 dita
684 4978 728 5031 sit.
742 4974 801 5031 lieu
813 4983 855 5032 est
867 4977 938 5032 enim
953 4985 1072 5048 potestas
1082 4976 1157 5032 nisio
1170 4975 1309 5044 bosone
1319 4985 1409 5033 autem

616 5078 706 5126 sunta
724 5070 788 5132 beo,
800 5069 922 5125 ordinata
931 5078 994 5125 sunt
1007 5070 1028 5125 ⁸.
1037 5070 1129 5141 ltaque
1142 5070 1188 5140 qui
1200 5069 1300 5126 resistit
1318 5078 1409 5141 potes·

618 5160 675 5228 tati,
690 5161 737 5216 bei
747 5161 905 5217 ordinationi
920 5160 1031 5218 resistit.
1044 5161 1094 5231 Qui
1107 5169 1196 5218 autem
1209 5162 1350 5229 resistunt,
1360 5163 1409 5233 ipsi

617 5249 668 5307 sibi
675 5250 872 5326 damnationem
883 5252 1034 5324 acquirunt.
1048 5253 1115 5309 liam
1136 5253 1268 5325 principes
1283 5269 1336 5311 nou
1348 5264 1411 5312 sunt

618 5342 706 5397 timori
719 5342 782 5398 boni
805 5343 906 5415 operis,
922 5345 970 5401 sed
991 5343 1066 5400 mali.
1082 5345 1128 5401 iis
1139 5326 1229 5401 autem
1243 5362 1296 5402 non
1315 5348 1410 5404 timere

617 5425 911 5503 potestatemiltnnem¹
919 5434 970 5502 iac,
982 5445 1009 5493 ct
1019 5436 1130 5493 babebis
1138 5436 1284 5494 laudemex
1296 5438 1350 5494 illa.
1362 5439 1409 5494 bei

616 5526 689 5580 euim
699 5525 821 5584 minister
833 5534 875 5582 est
888 5527 934 5582 tibi
945 5527 971 5582 in
984 5527 1094 5584 bonum.
1106 5528 1136 5586 Si
1148 5539 1237 5585 auem
1254 5530 1352 5586 malum
1368 5529 1409 5587 ie-

616 5618 697 5685 ceris,
711 5617 793 5673 dine:
809 5632 863 5674 non
877 5619 948 5674 enim
962 5619 1021 5676 sine
1032 5634 1113 5677 eausa
1122 5620 1238 5693 qladium
1249 5629 1348 5692 portat.
1361 5621 1409 5678 bel

616 5708 689 5762 enim
699 5709 822 5765 minister
833 5716 885 5777 cst,
896 5710 994 5767 uindex
1009 5711 1035 5766 iu
1055 5712 1121 5767 iram
1134 5711 1161 5770 ei
1174 5712 1220 5785 qui
1233 5713 1331 5770 malum
1343 5712 1408 5785 sqit.

617 5796 679 5855 ideo
696 5801 856 5858 necessitate
870 5803 983 5873 serbieeti
998 5812 1099 5869 estate,
1117 5819 1171 5861 nen
1188 5805 1276 5874 seium
1301 5813 1411 5878 propter

615 5975 1413 6091 &Qiulsiflsmmmvfflffldtewsw

651 6099 1411 6168 ιιιιοιιηιιιιιιιιιιςιιιιιιιιωαιωὼιιιιιιιιιιιιι.

616 6160 1413 6275 mabqtnntolrrln,bieo‚stibirbtdicloe.hbct,rslbirbt·

648 6285 1364 6356 ‘mnoebsmlbnerdiretaeaemhadipoms

1232 855 1278 914 oti
1296 849 1487 912 scnlrrbtttt
1506 850 1629 910 sacen.

2204 858 2257 920 998

1467 958 1547 1028 iram,
1563 961 1611 1019 sed
1624 971 1651 1020 et
1665 967 1985 1035 pmptereonseientiam.
2005 967 2068 1028 ideo
2087 971 2157 1027 enim
2170 979 2197 1028 et
2210 975 2258 1028 trt-

1465 1048 1528 1107 buta
1541 1053 1683 1124 prestatis.
1703 1055 1894 1113 llinistrienim
1905 1058 1952 1115 nei
1971 1070 2044 1123 sunt,
2061 1061 2089 1117 iu
2103 1061 2152 1117 boe
2165 1061 2254 1132 ipsun

1464 1140 1621 1198 servientes.
1641 1143 1755 1200 Reddite
1777 1147 1901 1203 omnibus
1914 1148 2021 1218 debita;
2037 1151 2080 1206 cni
2104 1152 2254 1220 tributum,

1466 1233 1609 1300 tributum,
1624 1235 1667 1290 cni
1681 1237 1801 1307 vectigal,
1816 1238 1928 1311 rectiqal
1940 1255 1948 1306 ;
1959 1241 2001 1296 cui
2026 1242 2160 1312 timorem,
2176 1243 2256 1299 timo·

1465 1339 1539 1391 rem;
1554 1326 1596 1379 cui
1611 1323 1750 1393 honorem,
1772 1326 1912 1383 honorem.
1925 1329 2029 1386 Nemini
2043 1333 2186 1404 quidquam
2206 1333 2256 1389 de·

1465 1413 1559 1481 beatis,
1569 1414 1619 1469 nisi
1629 1423 1659 1469 ut
1668 1415 1780 1471 invicem
1793 1417 1919 1488 diligatis.
1930 1419 1979 1487 Qui
1992 1422 2063 1476 enim
2074 1423 2159 1494 diligit
2170 1423 2257 1492 prosi·

1465 1517 1548 1566 inum,
1567 1502 1664 1573 Legem
1690 1505 1818 1575 implevit.
1839 1505 1988 1573 liam,lion
2011 1510 2181 1577 adulterabis,
2196 1511 2255 1567 Non

1464 1592 1579 1659 decides,
1588 1592 1646 1648 lion
1655 1592 1797 1661 furaberis,
1805 1594 1863 1649 Nen
1876 1595 1969 1651 laisum
1979 1599 2157 1656 testimouium
2171 1602 2255 1662 dices.

1465 1682 1521 1739 Non
1534 1685 1716 1755 concupisces,
1732 1687 1793 1740 etsi
1818 1686 1888 1756 qnod
1908 1696 1949 1742 est
1960 1688 2031 1743 alind
2044 1692 2207 1758 mandatnm,
2225 1694 2251 1748 in

1465 1772 1515 1828 lroc
1528 1776 1609 1829 verbo
1624 1776 1796 1840 instauratur,
1821 1776 1919 1847 [iiiiqes
1935 1780 2085 1849 proximum
2098 1789 2172 1837 tunm
2187 1785 2256 1839 sient

1465 1863 1587 1932 teipsum.
1604 1865 1714 1920 iliiectio
1737 1866 1850 1936 proximi
1869 1867 1967 1922 maium
1983 1885 2036 1923 uon
2049 1881 2183 1939 operatur.
2194 1873 2255 1928 Ple-

1463 1954 1556 2008 nitudo
1570 1956 1718 2026 ergobeqis
1728 1965 1770 2010 est
1783 1954 1899 2012 dilectio.
1911 1957 2000 2014 Etboe
2010 1959 2126 2016 scientes
2138 1971 2254 2033 tempus,

1463 2043 1525 2113 quia
1538 2042 1604 2099 bora
1616 2048 1723 2114 estjam
1738 2059 1788 2100 aes
1810 2044 1844 2100 de
1859 2060 2082 2118 somnosurqere.
2098 2049 2174 2106 Nunc
2184 2053 2255 2107 enim

1464 2135 1571 2203 propior
1581 2144 1622 2191 est
1633 2144 1723 2191 nostra
1736 2136 1818 2202 salus,
1838 2152 1918 2208 qnam
1934 2152 1994 2193 cum
2010 2139 2181 2196 credidimus.
2198 2142 2256 2197 iios

1464 2228 1610 2295 praecessit,
1618 2226 1768 2283 diesautcm
1777 2229 2007 2300 appropinquavit.
2018 2230 2183 2301 Abjiciamus
2191 2249 2256 2303 ergo

1463 2331 1543 2386 opera
1559 2318 1728 2388 tenebrarum
1739 2360 1746 2383 ,
1756 2327 1784 2375 et
1799 2318 1939 2376 induamur
1957 2335 2031 2376 arma
2043 2321 2110 2377 ineis
2124 2339 2131 2375 ε
2145 2321 2213 2378 slent
2229 2326 2255 2378 ln
2362 2360 2366 2368 -

1463 2407 1516 2475 die,
1538 2408 1650 2464 honeste
1669 2409 1846 2476 ambulemus,
1861 2425 1912 2465 non
1928 2411 1954 2465 in
1968 2411 2207 2468 comessationibus
2227 2423 2254 2468 et

1462 2498 1647 2564 ebrietatibus,
1662 2515 1715 2554 nori
1729 2500 1755 2555 in
1771 2499 1903 2556 eubilibus
1916 2509 1944 2557 et
1956 2500 2136 2572 impudicitiis,
2153 2519 2208 2558 non
2227 2504 2253 2559 in

1462 2591 1633 2645 contentione
1645 2598 1673 2646 et
1694 2589 1879 2657 emulatione,
1894 2589 1940 2647 sed
1962 2591 2100 2647 induimini
2112 2593 2254 2649 bominum
2361 2578 2364 2586 ¹

1462 2680 1553 2736 iesum
1567 2680 1714 2738 Christum.
1727 2679 1762 2736 Et
1775 2682 1864 2738 carnis
1875 2695 1967 2737 euram
1985 2696 2020 2738 ue
2032 2678 2147 2738 ieceritis
2160 2682 2186 2740 in
2205 2683 2255 2739 de·

1462 2771 1577 2828 sideriis.

1499 2860 1580 2939 [xre]
1596 2863 1732 2921 inllrmum
1746 2871 1835 2921 autem
1854 2864 1881 2921 in
1895 2864 1947 2922 lide
1962 2865 1970 2899 ¹
1994 2865 2138 2933 assumite,
2154 2882 2206 2922 non
2225 2866 2252 2922 in

1463 2956 1700 3027 disceptationibus
1707 2957 1907 3029 cogitationum.
1923 2958 2075 3015 blirrsenim
2084 2959 2169 3015 credit
2182 2976 2256 3014 mau-

1463 3045 1563 3102 dncare
1575 3048 1665 3102 otnnia
1680 3065 1688 3104 ι
1702 3047 1748 3120 qni
1760 3056 1849 3103 autern
1864 3045 1984 3103 inssrmns
1993 3058 2044 3113 est,
2054 3048 2127 3102 olera
2142 3047 2256 3103 mandu-

1463 3145 1516 3193 cet.
1527 3135 1551 3192 ls
1561 3138 1606 3209 qni
1621 3137 1835 3206 manducat,non
1847 3138 2050 3195 manducantem
2063 3155 2115 3193 non
2128 3149 2255 3211 spernat:

1463 3237 1491 3283 et
1501 3228 1608 3299 quinon
1621 3226 1773 3295 manducat,
1780 3227 1982 3284 manducantem
1996 3227 2173 3299 nonjudicet3
2186 3228 2256 3284 [ιιιιι

1463 3318 1535 3372 enim
1550 3317 1624 3372 illum
1639 3318 1840 3389 asstrmpsicTu
1853 3318 1914 3389 quis
1923 3334 1953 3373 es
1966 3318 2010 3388 qni
2021 3318 2125 3388 jndices
2139 3318 2255 3374 alienum

1464 3408 1588 3464 merum?
1601 3395 1656 3466 Suo
1674 3409 1784 3466 doninino
1796 3416 1859 3477 stat,
1873 3418 1920 3463 ant
1939 3408 2031 3464 eadit:
2051 3410 2132 3465 stabit
2146 3420 2253 3474 autern:

1464 3508 1558 3570 potens
1573 3506 1616 3556 est
1623 3499 1693 3555 enim
1701 3500 1770 3554 bens
1778 3507 1894 3555 statuere
1907 3498 2066 3557 illumliam
2079 3501 2146 3555 alins
2157 3500 2257 3572 indicat

1464 3588 1534 3644 diem
1550 3588 1620 3644 inter
1632 3587 1720 3652 diem,
1744 3589 1814 3644 alius
1827 3586 1930 3659 judicat
1949 3604 2055 3646 nuntiem
2070 3590 2152 3646 diem.
2168 3590 2257 3648 Unus-

1464 3680 1576 3751 quisque
1585 3677 1612 3734 in
1625 3692 1674 3733 suo
1683 3693 1764 3734 sensu
1776 3677 1902 3734 abundet.
1913 3678 2040 3750 Quisaplt
2050 3678 2133 3746 diem,
2144 3681 2255 3735 bomine

1463 3769 1556 3840 sapit:
1577 3776 1606 3824 et
1619 3768 1665 3838 qni
1689 3769 1843 3835 manducat,
1856 3768 1971 3825 Domino
1987 3770 2128 3827 manducat
2138 3789 2146 3839 ;
2157 3772 2256 3844 gratias

1463 3860 1535 3917 enim
1553 3859 1607 3931 aqit
1620 3859 1686 3915 beu.
1701 3859 1735 3916 lit
1755 3860 1799 3931 qui
1821 3871 1874 3915 non
1894 3859 2051 3929 manducat,
2067 3863 2182 3918 bomine
2200 3877 2254 3919 non

1464 3951 1616 4020 manducat,
1632 3960 1659 4007 ct
1676 3951 1775 4023 gratias
1788 3951 1841 4023 agit
1852 3951 1918 4009 lieo.
1932 3952 2017 4010 Nemo
2038 3955 2110 4010 enim
2132 3964 2254 4011 nostrum

1463 4041 1515 4098 sibi
1526 4041 1599 4108 risit,
1613 4052 1640 4098 et
1653 4056 1733 4099 neruo
1745 4041 1796 4097 sibi
1812 4043 1934 4098 moritur.
1959 4042 2022 4100 sne
2041 4046 2113 4101 enim
2126 4044 2250 4112 vivimus,

1464 4131 1578 4188 ilemino
1599 4132 1734 4187 risimus:
1751 4131 1807 4188 sire
1821 4132 1963 4198 morimur,
1981 4133 2094 4190 bomine
2111 4138 2253 4191 morimur.

1464 4221 1527 4279 Sire
1540 4238 1605 4295 erqo
1616 4223 1740 4289 visimus,
1754 4223 1811 4279 sire
1825 4226 1971 4293 morimur,
1985 4226 2089 4281 bomini
2099 4240 2201 4282 sumus.
2225 4227 2255 4282 ln

1464 4312 1516 4369 bec
1529 4313 1601 4370 enim
1611 4313 1733 4371 Christus
1744 4324 1771 4370 et
1783 4323 1903 4370 mortuns
1917 4325 1968 4378 est,
1983 4326 2011 4370 et
2024 4315 2178 4381 resurrexit,
2188 4326 2216 4372 ut
2225 4327 2251 4372 et

1464 4412 1664 4460 mortuorumet
1675 4406 1796 4460 uirorum
1810 4404 1970 4462 dominetur.
1980 4405 2020 4462 'iu
2031 4413 2130 4476 autem
2141 4406 2256 4479 quidin-

1463 4495 1538 4553 dicas
1557 4495 1665 4553 imtrem
1691 4497 1784 4552 tuumi
1802 4506 1848 4552 aut
1872 4505 1900 4553 tu
1920 4511 2002 4569 quare
2020 4500 2126 4569 spernis
2148 4497 2256 4557 iratrem

1465 4589 1558 4646 tnumi
1571 4588 1674 4646 Omnes
1697 4590 1768 4647 enirn
1791 4589 1920 4645 stabimus
1944 4597 2006 4645 ante
2029 4591 2143 4647 tribunal
2164 4591 2210 4647 bei
2225 4594 2256 4648 ¹.

1463 4680 1598 4754 Scriptum
1610 4691 1649 4738 est
1665 4683 1746 4749 enim,
1759 4680 1827 4737 Viro
1840 4695 1900 4752 eqo,
1908 4679 1973 4736 dicit
1985 4680 2122 4746 Dominus,
2132 4683 2256 4752 qnoniam

1465 4774 1530 4828 ntilni
1546 4773 1668 4828 liectetur
1679 4786 1758 4826 omne
1767 4781 1879 4842 genuet
1892 4771 1978 4827 omnis
1987 4770 2074 4842 lingna
2088 4771 2256 4827 coniitebirnr

1464 4864 1530 4919 beo.
1547 4862 1639 4933 itaque
1664 4862 1844 4932 unnsquisque
1863 4869 1983 4916 nostrum
2008 4875 2058 4931 pro
2080 4875 2111 4918 se
2124 4860 2255 4916 rationem

1463 4954 1558 5010 reddet
1572 4952 1637 5009 beo.
1660 4951 1719 5008 lion
1743 4965 1808 5023 erqo
1825 4951 1940 5022 amplius
1963 4952 2075 5008 tuncne
2093 4952 2254 5023 judicemus.

1463 5045 1516 5102 Sed
1526 5045 1579 5101 bue
1590 5044 1674 5116 magis
1685 5043 1814 5114 judicate,
1828 5057 1862 5097 ue
1881 5043 1987 5113 penatis
1999 5041 2188 5099 offendiculum
2201 5043 2255 5098 ira·

1464 5137 1552 5195 tribus
1563 5136 1607 5193 rei
1619 5135 1783 5192 scandalum.
1792 5134 1854 5191 Scio
1863 5142 1891 5191 et
1901 5133 2007 5190 conitdo
2020 5135 2046 5189 in
2058 5134 2171 5192 Domino
2180 5132 2256 5200 iesu,

1464 5232 1527 5304 quia
1542 5229 1608 5287 nibil
1621 5243 1764 5286 commune
1777 5242 1825 5299 per
1837 5227 1935 5299 ipsum,
1959 5227 2009 5282 nisi
2022 5226 2048 5283 ei
2059 5228 2105 5299 qui
2122 5227 2258 5285 existimat

1464 5324 1528 5394 quid
1539 5336 1681 5379 commune
1694 5335 1764 5388 esse,
1780 5320 1818 5376 illi
1837 5333 1980 5376 commune
1991 5326 2044 5376 est
2058 5319 2087 5377 Si
2108 5322 2179 5377 enim
2194 5336 2257 5393 prn-

1464 5423 1525 5486 pter
1535 5412 1625 5470 cibum
1636 5411 1715 5469 irater
1721 5419 1782 5467 tuus
1792 5409 2257 5482 contristatur,jamneuseeundum

1464 5503 1623 5574 ιιιιίιιιιοιιι
1635 5502 1763 5560 ambulas.
1778 5501 1838 5560 Noli
1852 5501 1914 5560 cibo
1925 5508 1971 5558 tuo
1984 5502 2059 5558 ilium
2073 5502 2194 5573 perdere,
2207 5517 2255 5571 pre

1464 5611 1518 5667 quo
1540 5594 1662 5651 Christus
1683 5603 1805 5651 mortuus
1822 5602 1874 5651 est.
1895 5591 1955 5650 Nou
1971 5608 2036 5665 erqo
2059 5593 2258 5663 blasphemetur

1464 5687 1566 5744 bonum
1588 5695 1720 5742 nostrum.
1734 5685 1792 5744 lion
1814 5687 1888 5743 enim
1901 5694 1944 5744 est
1956 5700 2066 5758 requum
2087 5685 2133 5739 bei
2145 5698 2207 5739 esca
2230 5695 2277 5740 et·

1465 5785 1564 5850 potus,
1587 5775 1637 5834 sed
1658 5775 1760 5848 lustitia
1777 5786 1806 5833 et
1830 5793 1884 5849 pax
1911 5784 1939 5833 ct
1965 5774 2089 5847 qatrdium
2110 5774 2137 5829 in
2155 5775 2256 5845 Spiritn

1465 5877 1569 5925 sancto.
1580 5867 1630 5938 eui
1642 5867 1714 5925 eninr
1729 5868 1756 5922 in
1777 5867 1829 5923 bec
1851 5867 1934 5923 servit
1946 5865 2062 5930 cbristo,
2078 5866 2165 5935 piaeet
2190 5866 2257 5932 lieo,

1497 5981 1576 6033 Ιιιιιιι
1588 5978 1760 6041 machaonia
1769 5976 1853 6045 fidens
1875 5984 1904 6029 st
1920 5984 1974 6028 rtss
1993 5977 2065 6041 iuxta
2077 5976 2210 6042 vulgatam
2233 5991 2258 6036 ns

1464 6039 1981 6172 Qfflff'ossbffffffim
1991 6096 2080 6150 citrbte'
2089 6108 2099 6149 :
2109 6104 2134 6150 at
2151 6098 2192 6149 rba
2202 6112 2259 6151 αιιιι

1465 6163 1624 6232 besspscuio
1632 6164 1762 6216 mumrdsl
1775 6163 1801 6212 lo
1814 6161 1920 6224 antique
1932 6161 2002 6210 corn.
2021 6159 2118 6218 nibisis:
2130 6161 2155 6212 br
2170 6163 2260 6226 quel-ns

1466 6235 1541 6278 m
1549 6225 1711 6290 assequenti
1720 6221 1842 6276 rersierdo
1851 6221 1936 6286 babet,
1946 6219 2007 6274 nint
2014 6217 2094 6288 plectet
2101 6235 2113 6288 ,·
2119 6225 2259 6290 ῥωμ-

1466 6298 1728 6355 cunqrnroremrpsrs.
1813 6319 1821 6334 .
