5709 7534
605 843 658 902 ⁰83

637 948 1393 1033 itemportaliquantamque]:ilcspondensautemiesuq

606 1053 674 1109 dixit
687 1051 740 1106 illis
753 1068 760 1105 ε
776 1049 887 1104 lleddite
902 1047 980 1119 iqitur
993 1061 1053 1117 quas
1066 1053 1128 1101 aunt
1142 1044 1265 1109 casaris,
1277 1041 1374 1096 Casani
1387 1055 1396 1106 ς

608 1151 635 1199 ει
649 1149 782 1213 quaesunt
796 1140 858 1205 ilci,
875 1138 939 1192 [leo.
956 1136 990 1191 Et
1002 1137 1053 1190 aiio
1066 1136 1143 1190 ioco:
1160 1133 1193 1188 Et
1203 1132 1316 1189 accessit
1329 1147 1397 1187 tanus

610 1237 644 1292 de
658 1235 769 1300 Scribis,
783 1233 827 1304 qui
842 1231 963 1287 audierat
976 1231 1035 1285 illos
1048 1231 1252 1299 conquirentes,
1267 1227 1400 1282 stridens

608 1327 669 1398 qnia
686 1325 753 1380 boue
767 1325 818 1378 illis
833 1323 1016 1395 responderit,
1039 1311 1211 1392 interrogauit
1223 1335 1304 1385 eum,
1326 1318 1397 1390 qrtod

605 1428 677 1476 esset
692 1420 805 1492 quicqum
826 1418 945 1473 omnium
966 1415 1130 1471 mandatum.
1152 1413 1230 1471 iesus
1250 1423 1337 1468 autem
1351 1429 1397 1469 re·

604 1509 712 1578 spondit
721 1509 756 1571 ei,
767 1507 832 1574 Quia
842 1509 954 1578 primum
962 1506 1081 1561 omnium
1095 1503 1247 1558 mandatum
1255 1513 1306 1569 εει,
1317 1503 1396 1569 aaut,

605 1601 698 1666 lsrael,
717 1604 844 1660 Dominus
859 1601 928 1656 licus
941 1610 1001 1655 ιιιιιε
1015 1599 1086 1654 Deus
1100 1614 1168 1653 ortus
1180 1606 1220 1653 εει
1230 1614 1238 1662 ;
1249 1605 1286 1661 ει,
1301 1597 1398 1664 lliiipes

606 1694 747 1750 Dominum
764 1694 845 1747 licum
861 1701 934 1746 tuum
948 1705 981 1744 ex
997 1699 1053 1743 toro
1066 1689 1146 1744 eorde
1158 1697 1221 1752 tue,
1245 1697 1272 1742 et
1289 1702 1321 1741 cs
1343 1695 1398 1740 tota

604 1787 694 1841 anima
710 1794 770 1848 tua,
793 1793 865 1838 etex
883 1791 936 1836 tota
952 1791 1041 1837 ruente
1057 1790 1116 1846 tua,
1140 1789 1166 1835 ει
1185 1796 1217 1834 er
1233 1789 1287 1833 tota
1301 1779 1399 1833 uirtute

606 1886 651 1931 tua
667 1891 674 1928 ε
692 1877 742 1930 lroe
758 1882 800 1929 εει
815 1875 928 1943 primum
952 1871 1114 1926 mandatum.
1130 1869 1282 1932 Secundum
1306 1878 1397 1924 autem

606 1965 695 2021 simile
708 1975 750 2020 est
762 1963 798 2018 liii
815 1981 822 2019 ε
844 1964 941 2034 Diliges
955 1963 1102 2031 proximum
1117 1970 1191 2016 tuum
1212 1970 1336 2030 tanquam
1357 1969 1397 2014 te-

605 2055 705 2124 ipsum.
721 2053 806 2124 llajus
818 2052 912 2109 borum
927 2052 996 2107 aliud
1010 2051 1163 2107 mandatum
1186 2065 1238 2105 uon
1254 2059 1304 2105 est.
1319 2049 1352 2105 Er
1362 2050 1399 2104 ait

605 2147 646 2203 illl
658 2145 750 2203 Scriba
762 2161 771 2199 ε
785 2145 874 2211 liene,
886 2143 1027 2214 magister,
1043 2143 1069 2196 in
1085 2143 1196 2196 ueritate
1214 2141 1319 2206 dixisti,
1337 2139 1399 2210 quia

606 2252 675 2293 uatus
688 2245 730 2292 est
742 2236 821 2303 Deus,
832 2245 859 2291 ει
871 2245 974 2290 nonest
988 2233 1055 2289 alius
1067 2242 1163 2303 praeter
1178 2247 1256 2296 cum;
1271 2239 1299 2288 et
1317 2241 1344 2285 ut
1356 2230 1399 2284 di-

607 2328 743 2399 ligaturer
755 2335 809 2381 toto
821 2326 921 2390 corde,
937 2335 965 2381 ει
974 2341 1007 2380 cr
1021 2334 1076 2379 tote
1091 2325 1242 2385 intellectu,
1257 2331 1284 2377 et
1297 2337 1330 2377 er
1345 2329 1398 2376 tota

606 2420 710 2476 antima.
729 2428 755 2474 ct
769 2433 803 2472 ex
821 2426 875 2472 tota
888 2415 1043 2472 lorritmline
1059 2433 1066 2468 :
1086 2424 1113 2469 ct
1126 2415 1236 2484 diligere
1250 2414 1397 2483 proximum

605 2521 733 2583 tanquam
747 2512 863 2582 seipsum
876 2551 885 2578 ,
898 2510 984 2579 majus
996 2516 1037 2563 εει
1048 2507 1170 2562 omuibus
1183 2505 1399 2560 holocaustoma-

607 2603 679 2660 tibus
689 2611 716 2658 ct
730 2599 877 2657 sacridciis.
891 2599 969 2656 lesus
981 2609 1068 2652 auitum
1082 2595 1251 2666 ridensquorl
1265 2596 1400 2664 sapienter

605 2692 805 2762 respondisset,
820 2691 886 2747 dixit
901 2691 936 2745 illi
954 2708 961 2743 :
976 2688 1032 2744 Nou
1044 2703 1074 2744 es
1085 2689 1186 2758 lougoa
1201 2701 1282 2756 regno
1295 2685 1352 2740 ilci.
1366 2685 1399 2740 Et

606 2798 686 2839 neme
696 2783 751 2851 jam
775 2781 888 2837 audebat
902 2796 963 2836 cunr
987 2781 1159 2849 interrogare.
1186 2779 1218 2832 Et
1234 2779 1399 2850 paulopost:

605 2875 705 2928 Cavete
729 2871 874 2937 ascribis,
889 2873 933 2942 qui
954 2870 1045 2926 uoluat
1060 2871 1086 2924 in
1102 2868 1177 2924 stolis
1199 2868 1352 2932 ambulare,
1373 2877 1400 2922 ει

606 2965 715 3020 salutari
725 2965 750 3018 in
765 2963 831 3028 loro,
847 2971 875 3018 et
889 2963 916 3018 in
931 2961 1021 3032 primis
1030 2960 1165 3016 cathedris
1177 2960 1271 3016 sedere
1285 2961 1310 3014 in
1323 2973 1399 3031 syria·

606 3055 700 3126 pagis,
722 3062 749 3109 ct
761 3054 860 3124 primus
874 3053 1021 3107 discubitus
1039 3050 1065 3105 in
1086 3051 1170 3105 ecenis
1186 3067 1192 3103 τ
1209 3051 1253 3120 qui
1272 3050 1401 3104 desumat

605 3149 701 3202 domos
720 3145 860 3200 uiduarum
881 3144 931 3198 sub
945 3143 1055 3198 obtentu
1078 3141 1187 3211 parilium
1203 3140 1349 3205 rumilionis,
1373 3138 1400 3195 bi

606 3240 759 3311 accipiunt¹
774 3236 904 3309 prolixius
915 3234 1054 3306 judicium.
1065 3232 1202 3288 Etsedens
1214 3232 1292 3288 iesus
1306 3239 1399 3287 contra

605 3330 839 3402 gazophylacium,
865 3327 1011 3399 aspiciebat
1035 3326 1169 3398 quomodo
1194 3326 1268 3379 turba
1288 3323 1401 3394 iactaret

605 3421 679 3477 arsin
692 3419 923 3491 gazophylacium:
935 3426 962 3473 ει
971 3416 1294 3485 multidiritcsjacrabant
1306 3415 1399 3469 rarrrlta.

605 3509 674 3566 Cum
687 3511 900 3566 reuissntautem
914 3523 965 3563 una
977 3508 1055 3562 uidua
1069 3523 1182 3577 pauper,
1197 3507 1268 3560 misit
1280 3505 1333 3559 duo
1349 3505 1400 3558 mi-

606 3609 670 3658 nuta
682 3642 688 3666 ,
701 3601 773 3670 quod
787 3607 828 3655 εει
846 3599 1001 3670 quadrans:
1016 3607 1043 3654 ct
1064 3611 1214 3652 convocans
1233 3595 1397 3665 discipulos,

606 3693 645 3748 ait
659 3692 722 3758 illis,
735 3693 818 3747 brnen
834 3693 894 3747 dico
905 3691 990 3757 relus,
1001 3689 1126 3760 quoniam
1141 3688 1219 3743 uidua
1232 3689 1287 3742 bace
1302 3703 1401 3758 pauper

606 3785 667 3858 plus
688 3784 811 3840 omnibus
827 3785 914 3850 misit,
930 3783 974 3853 qui
987 3783 1118 3838 miserunt
1132 3781 1158 3837 ln
1172 3781 1399 3854 gazophylacium.

606 3875 707 3932 Omnes
728 3877 799 3930 caim
818 3891 850 3932 cx
870 3889 903 3931 eo
926 3873 996 3945 quod
1011 3872 1161 3929 abundabat
1176 3873 1230 3929 illis
1252 3875 1399 3939 miserunt;

605 3969 665 4024 lunc
678 3983 740 4023 uere
753 3967 786 4024 de
798 3967 908 4038 penuaria
921 3981 968 4022 sua
981 3966 1069 4022 cornia
1082 3981 1141 4038 qua·
1156 3965 1248 4023 habult
1261 3968 1342 4036 misit,
1359 3975 1400 4023 to·

606 4070 663 4116 tum
677 4059 776 4115 vietum
788 4075 875 4116 suum.

643 4151 677 4206 Et
689 4153 766 4223 paule
779 4163 846 4224 port.
858 4149 929 4230 [atti]
940 4151 989 4207 :m
997 4165 1057 4207 eum
1069 4151 1244 4210 duserinitos
1255 4155 1398 4222 tradentes,

605 4241 690 4297 nolito
705 4244 878 4312 praecogitare
892 4242 955 4312 quid
972 4242 1135 4312 loquamini,
1151 4245 1199 4299 scd
1213 4246 1284 4316 quod
1306 4246 1397 4302 datum

607 4338 687 4394 larcril
700 4339 776 4393 robis
789 4338 814 4393 in
830 4338 872 4392 illa
884 4338 960 4400 bora,
974 4337 999 4392 ld
1015 4336 1164 4409 loquimini.
1178 4337 1236 4394 Non
1250 4340 1319 4394 enirn
1334 4342 1399 4395 estis

606 4444 655 4486 sos
669 4429 817 4500 loquentes,
827 4429 873 4485 sed
886 4428 1000 4500 Spiritus
1013 4438 1131 4486 sanetus.
1143 4429 1178 4485 tir
1189 4440 1244 4502 port
1254 4432 1399 4502 paululum:

606 4521 643 4580 Et
662 4522 737 4578 critis
751 4521 813 4578 odio
826 4524 949 4578 omnibus
973 4531 1080 4593 propter
1094 4539 1192 4580 nomen
1216 4541 1314 4581 nucum.
1348 4524 1399 4593 Qui

606 4621 695 4670 autem
711 4614 865 4669 sustinuerit
876 4614 901 4669 iu
918 4613 1009 4681 linem,
1020 4615 1064 4672 bic
1078 4616 1166 4670 salvus
1179 4619 1239 4676 crit.
1252 4619 1287 4675 iit
1301 4621 1352 4675 ulio
1373 4622 1400 4676 iu

606 4707 681 4766 ioco:
696 4707 799 4772 Videte,
814 4706 929 4778 vigilate,
945 4717 972 4762 ει
983 4715 1074 4773 orarc;
1092 4710 1279 4766 nescitiscnim
1293 4712 1400 4784 quaudo

606 4807 712 4869 tempus
727 4798 770 4853 sit.
784 4796 859 4853 Sicut
881 4797 961 4852 bomo
975 4799 1018 4869 qui
1037 4815 1148 4870 peregre
1170 4800 1318 4871 proiectus,
1335 4804 1398 4859 reli-

606 4892 666 4962 quit
686 4891 794 4947 domum
820 4907 911 4955 suam,
924 4899 952 4947 et
969 4889 1043 4946 dedit
1064 4892 1148 4948 serris
1171 4895 1227 4950 suis
1242 4905 1399 4963 potestatem

607 4984 736 5057 uujrrsque
749 4985 853 5055 operis,
874 4993 901 5039 ει
917 4984 1025 5055 janitori
1041 4989 1165 5057 praecepit
1187 4995 1216 5042 ut
1230 4989 1330 5060 uigilet.
1355 4989 1400 5044 l't-

607 5074 688 5144 qilate
708 5089 772 5146 erqo
788 5074 917 5131 :nescitis
945 5076 1017 5132 eninr
1042 5077 1149 5147 quande
1162 5078 1286 5135 dominus
1304 5081 1399 5136 domus

608 5163 712 5225 r·eniat;
737 5178 816 5230 sero,
839 5179 872 5218 an
902 5163 989 5219 media
1005 5176 1100 5232 noete,
1123 5168 1231 5239 anqalli
1254 5179 1349 5237 cantu,
1365 5186 1398 5225 an

606 5270 686 5314 mane
700 5271 707 5311 ε
721 5270 756 5310 ne
769 5271 829 5310 eum
854 5257 959 5311 uenerit
984 5267 1109 5326 repento,
1138 5257 1255 5315 inveniat
1268 5277 1316 5318 ros
1338 5262 1401 5318 dor·

606 5346 729 5403 micaret.
760 5343 837 5413 Quod
858 5355 947 5401 autem
963 5345 1040 5401 vobis
1064 5346 1143 5416 dico,
1172 5350 1295 5407 omnibus
1322 5351 1399 5422 dico,

616 5425 736 5497 Vigilate.

701 5541 745 5596 llil
766 5541 961 5600 ovabcutto
980 5544 1164 5602 SECUNDUS!
1184 5546 1312 5604 lucau.

647 5650 723 5724 [Cap.
736 5653 778 5726 ra]
799 5655 888 5711 Gloria
906 5656 931 5711 in
946 5657 1082 5715 altissimis
1097 5660 1166 5730 ileo,
1183 5672 1210 5717 et
1225 5664 1334 5719 interra
1349 5679 1399 5733 par

612 5740 762 5798 bominibus
777 5745 854 5802 borrae
867 5749 1020 5805 tuburtatis.

648 5833 679 5884 ti
701 5836 831 5905 aliquanto
854 5851 910 5909 port
933 5840 996 5914 [un]
1025 5860 1032 5896 :
1056 5841 1088 5896 Et
1115 5843 1315 5915 interrogabant
1337 5861 1397 5901 eum

611 5924 706 5993 riri-ba,
718 5928 846 5998 dieentes,
855 5933 921 5999 Quid
932 5949 996 6004 ergo
1008 5936 1152 5992 iacientusi
1163 5937 1337 6006 licspuudeus
1350 5952 1395 5990 au·

610 6024 674 6080 reiut,
688 6018 792 6073 «licebat
806 6021 876 6075 illis:
892 6023 941 6089 Qui
958 6024 1038 6080 babet
1054 6027 1120 6082 duas
1142 6028 1265 6092 tunicas,
1282 6026 1326 6080 det
1345 6043 1396 6082 rum

1187 835 1217 892 S·
1236 822 1420 889 audberti!
1438 823 1618 887 saecutus

1449 951 1577 1003 tutemet
1591 949 1722 1017 palilieani
1747 961 1777 1006 ur
1798 949 2011 1021 munirentur,
2029 961 2058 1008 et
2071 951 2197 1010 dixerunt
2207 963 2242 1013 st

1451 1040 1525 1094 illum
1540 1040 1692 1112 :ltaqisteq
1708 1044 1771 1114 quid
1784 1043 1933 1101 iaciemus?
1946 1045 1984 1101 Δι
1995 1045 2044 1102 illo
2053 1045 2126 1102 dtstr
2135 1047 2169 1102 ad
2181 1061 2243 1106 cot:

1451 1132 1522 1188 tlilril
1530 1134 1642 1203 amplius
1652 1150 1730 1206 quam
1740 1137 1811 1207 quod
1820 1139 1998 1194 constiturum
2008 1145 2053 1195 εει
2064 1139 2154 1208 rob,
2165 1140 2242 1198 laria·

1452 1225 1496 1281 tis.
1512 1224 1710 1298 interrogabant
1730 1237 1819 1284 autern
1839 1243 1901 1286 erm
1923 1229 2087 1304 etltniliter,
2102 1230 2239 1290 dieentes:

1451 1316 1519 1384 Quid
1535 1317 1659 1373 iaciemus
1672 1327 1701 1374 et
1711 1319 1779 1374 nusi
1793 1319 1825 1374 lit
1843 1321 1882 1376 ait
1894 1321 1948 1377 illis
1960 1339 1968 1377 ε
1981 1320 2129 1378 Neminem
2144 1337 2245 1380 coaeu-

1453 1408 1533 1471 riatis,
1548 1423 1633 1478 neque
1655 1409 1817 1466 calumniam
1835 1411 1948 1480 taetros,
1967 1421 1996 1470 ct
2015 1413 2140 1470 contenti
2160 1427 2243 1474 estote

1452 1500 1590 1570 stipendiis
1604 1503 1711 1558 restris.

1487 1592 1522 1646 m
1546 1605 1600 1664 poet
1626 1596 1784 1667 aliquantam
1804 1593 1971 1671 [mltileati
2005 1613 2161 1670 parrpcrea3
2187 1603 2244 1674 quia

1452 1693 1568 1738 restrum
1592 1694 1634 1740 εει
1660 1701 1769 1758 regnum
1795 1689 1851 1744 bei.
1869 1689 1943 1745 Beati
1961 1691 2009 1762 qui
2023 1706 2100 1748 nunc
2120 1694 2243 1760 moritis:

1451 1775 1513 1844 quia
1528 1776 1721 1833 saturabimini.
1734 1779 1806 1835 Beati
1825 1781 1870 1852 qui
1885 1797 1957 1838 nune
1969 1781 2060 1850 ssctis;
2075 1785 2139 1857 quia
2152 1785 2245 1842 ridebi-

1452 1865 1495 1919 tis.
1512 1865 1583 1920 Beati
1595 1867 1679 1934 eritis,
1692 1883 1753 1923 cum
1764 1884 1811 1926 tes
1823 1870 1929 1926 oderint
1942 1872 2079 1938 lromines,
2094 1882 2124 1932 ει
2131 1889 2193 1932 eum
2203 1891 2247 1932 se-

1452 1959 1605 2026 paraverint
1613 1972 1670 2025 res,
1681 1969 1709 2014 et
1718 1961 1948 2030 exprobraverint,
1962 1973 1991 2020 rt
2004 1965 2140 2036 ejecerint
2151 1983 2243 2024 nomen

1453 2057 1569 2102 restrnm
1585 2058 1710 2119 tanquam
1733 2051 1851 2119 malum,
1873 2063 1983 2124 propter
2002 2053 2105 2112 Filium
2121 2055 2244 2114 dominis.

1451 2135 1570 2193 Gaudete
1592 2139 1617 2192 iu
1637 2139 1681 2193 illa
1705 2140 1757 2204 die,
1775 2150 1801 2196 ει
1813 2143 1960 2211 εῐεειιειες
1973 2161 2041 2202 εεεε
2052 2147 2128 2204 enim
2143 2164 2242 2206 metues

1452 2238 1538 2282 restra
1553 2229 1634 2284 multa
1650 2241 1688 2286 εει
1701 2231 1828 2288 lucceio:
1841 2233 1990 2292 secundum
2004 2237 2081 2294 cuim
2094 2239 2154 2296 bae
2168 2239 2244 2298 iacie-

1451 2317 1514 2372 bmr
1529 2319 1669 2392 i‘rnpbetis
1689 2331 1778 2392 patres
1789 2338 1892 2380 canina.
1907 2323 2104 2386 Verumtamen
2116 2347 2157 2388 rm
2172 2333 2244 2389 robis

1452 2410 1578 2466 diuitibus
1606 2415 1668 2482 quia
1700 2414 1804 2470 babetis
1824 2418 2038 2476 consolationem
2056 2433 2187 2480 vestram.
2201 2425 2243 2482 ia,

1452 2499 1527 2554 uirbis
1541 2502 1585 2570 qui
1598 2504 1710 2559 saturati
1724 2505 1805 2572 estis;
1820 2507 1882 2577 quia
1899 2508 2037 2565 esurietis.
2051 2510 2102 2568 Vre
2113 2514 2189 2570 uerbis
2199 2517 2240 2587 qui

1452 2589 1545 2645 ridetis
1558 2606 1645 2658 nuno,
1661 2593 1722 2664 quia
1737 2594 1871 2666 lugebitis,
1890 2606 1917 2652 ει
1926 2597 2042 2656 debitis.
2060 2599 2109 2659 iae
2122 2619 2184 2660 cum
2196 2605 2241 2663 lte·

1452 2681 1602 2739 nerlirerint
1623 2685 1820 2749 tobis,·onrnrs
1840 2687 2169 2751 bomines¹2rceundum
2191 2697 2245 2754 bae

1452 2771 1584 2828 iaciebant
1607 2775 1850 2847 pseudoprupbelis
1864 2787 1955 2850 patres
1974 2797 2083 2840 eorum.
2104 2785 2243 2844 Sedtoltis

1451 2864 1522 2932 dico,
1537 2867 1581 2938 qni
1594 2869 1691 2922 audiris
1708 2885 1716 2924 ε
1730 2870 1835 2942 Diligite
1849 2872 1973 2930 inimicos
1995 2885 2116 2947 uestros,
2133 2880 2239 2936 beneia-

1452 2959 1504 3013 eitc
1525 2960 1557 3014 iis
1580 2961 1624 3030 qui
1646 2975 1695 3016 ros
1714 2961 1837 3018 oderunt.
1852 2963 2007 3022 Βειιειιιειιε
2021 2967 2243 3026 maledicentibus

1452 3050 1536 3104 rolris.
1552 3049 1633 3105 Orate
1643 3065 1692 3121 pro
1701 3051 1925 3110 calumniantibus
1938 3069 1996 3111 uos.
2008 3057 2044 3112 Et
2055 3060 2102 3129 qui
2119 3068 2145 3115 te
2155 3075 2247 3132 pereu-

1454 3141 1485 3195 ιιι
1497 3142 1522 3196 in
1541 3143 1696 3211 rrrarillam,
1715 3145 1805 3216 praebe
1818 3155 1847 3202 et
1861 3147 1989 3217 altcram;
2004 3157 2033 3206 ct
2043 3151 2079 3206 ab
2094 3167 2129 3208 ee
2140 3153 2184 3224 qui
2199 3169 2243 3210 arr·

1453 3228 1505 3287 lert
1519 3233 1564 3288 tibi
1578 3235 1766 3291 uestimentum
1783 3245 1871 3303 tuum,
1883 3239 1964 3294 etiam
1978 3241 2098 3298 tunicam
2114 3245 2169 3302 noli
2184 3261 2242 3316 pre·

1453 3323 1555 3380 bibere.
1566 3324 1646 3380 Omni
1660 3335 1748 3382 autem
1764 3329 1863 3397 petenti
1880 3339 1924 3398 te,
1940 3330 2050 3400 tribuc;
2063 3342 2091 3389 ει
2105 3335 2152 3406 qui
2162 3335 2244 3393 aulert

1453 3430 1512 3483 qum
1527 3425 1569 3470 tua
1579 3424 1660 3482 sunt,
1677 3433 1710 3473 nc
1725 3430 1841 3489 repetas.
1860 3420 1895 3476 lit
1908 3431 1989 3492 prout
2003 3425 2086 3480 rultis
2102 3433 2133 3482 ut
2150 3424 2246 3484 iaciant

1452 3506 1674 3576 robisbomines,
1692 3508 1831 3567 laciteillis
1850 3512 1982 3571 similiter.
2000 3513 2036 3570 lta
2048 3509 2072 3572 si
2086 3517 2246 3590 diliqibseor

1452 3598 1497 3670 qui
1510 3614 1558 3655 uos
1571 3601 1702 3672 diligunt,
1715 3618 1777 3673 quae
1790 3604 1867 3661 robis
1880 3615 1922 3662 εει
1935 3607 2041 3679 qratial
2054 3625 2118 3666 nam
2138 3621 2166 3668 ει
2183 3627 2245 3684 pee-

1451 3697 1556 3744 catores
1570 3690 1711 3762 diligentus
1724 3709 1754 3749 se
1767 3695 1889 3766 diligunt.
1911 3695 1946 3754 lit
1963 3697 1988 3753 si
2003 3697 2196 3758 benefeceritis
2214 3701 2245 3760 iit

1452 3783 1496 3852 qui
1510 3783 1585 3839 robis
1598 3783 1783 3852 berrelaciunt,
1806 3803 1867 3858 quat
1883 3788 1962 3845 robis
1985 3797 2028 3848 εει
2041 3793 2152 3862 gratini
2164 3793 2245 3866 siqui·

1451 3873 1513 3930 dem
1527 3881 1554 3929 et
1564 3878 1778 3946 peccatoresboe
1790 3877 1899 3935 iaciunt.
1916 3881 1982 3937 Etsi
1998 3893 2124 3941 mutuum
2139 3886 2241 3945 dederi-

1453 3963 1487 4020 tis
1502 3965 1658 4037 iisaquibus
1670 3970 1784 4038 speratis
1797 3972 1927 4042 recipere,
1936 3989 1997 4045 qua·
2006 3977 2093 4044 qratia
2104 3987 2146 4034 εει
2157 3977 2244 4036 uobial

1453 4073 1514 4112 uam
1538 4057 1568 4114 ει
1588 4071 1742 4130 peceatores
1758 4065 1942 4132 peecatoribus
1964 4065 2110 4136 leaenam,
2125 4079 2157 4126 ut
2176 4071 2244 4128 reoi-

1452 4148 1527 4218 piant
1538 4150 1659 4220 aqualia.
1670 4151 1861 4209 Verumtamen
1874 4155 1977 4226 diligito
1988 4157 2115 4216 inimicos
2126 4169 2244 4226 vostrost

1452 4240 1600 4296 bertelaeite
1610 4233 1659 4308 ,'et
1681 4253 1801 4300 nrtrluum
1813 4245 1877 4304 date
1889 4247 1957 4304 nibil
1970 4249 2034 4305 indu
2048 4259 2209 4322 sperantes:
2220 4261 2246 4309 ει

1453 4331 1504 4386 erit
1524 4349 1627 4390 nrorees
1651 4345 1739 4391 uestra
1764 4339 1865 4406 inulta,
1891 4349 1918 4395 ct
1943 4341 2021 4396 eritis
2036 4341 2243 4413 iiliibitissinai;

1452 4424 1514 4494 quia
1536 4423 1593 4495 ipse
1608 4426 1738 4498 benignus
1750 4437 1792 4484 εει
1806 4445 1888 4502 super
1907 4430 2027 4503 ingratos
2045 4444 2073 4491 et
2090 4437 2245 4494 maiessss·

1454 4524 1508 4569 rate
1518 4530 1581 4588 erqo
1596 4517 1799 4588 misericordes,
1814 4522 1885 4578 sicut
1900 4533 1928 4579 ει
1942 4525 2022 4582 Pater
2034 4536 2129 4585 vester
2143 4527 2244 4588 miseri-

1453 4619 1514 4662 cors
1528 4617 1579 4662 cst.
1593 4607 1679 4666 Nolite
1689 4610 1824 4680 judicare,
1841 4622 1869 4668 et
1880 4629 1934 4670 non
1946 4615 2146 4686 judicabimini.
2160 4619 2245 4678 Nolito

1453 4696 1649 4764 condemnare,
1664 4711 1691 4756 ει
1712 4717 1765 4758 non
1784 4705 2037 4764 condemnabimini.
2054 4709 2202 4780 Dimittite,
2218 4717 2245 4769 tt

1453 4790 1633 4848 dimittemini.
1648 4794 1729 4862 Date,
1744 4805 1772 4851 ει
1787 4797 1898 4854 dabitur
1916 4799 2001 4854 robis.
2024 4799 2180 4861 uersuram
2199 4803 2244 4860 lto·

1453 4896 1531 4948 nam,
1547 4893 1573 4938 ει
1587 4885 1750 4954 consertam,
1765 4898 1793 4944 et
1811 4891 1984 4962 coagitatam,
2005 4901 2033 4947 et
2047 4895 2242 4966 supereliluctr·

1454 4985 1508 5033 tem
1522 4975 1624 5033 dabunt
1642 4978 1668 5034 in
1688 4980 1776 5035 sinum
1788 4992 1917 5038 uestrum.
1932 4983 2033 5040 Eadem
2054 4987 2156 5060 quippe
2167 5005 2243 5046 rnen·

1453 5079 1533 5136 sura,
1548 5083 1600 5140 qua
1621 5071 1707 5126 mensi
1719 5069 1841 5140 fueritis,
1864 5075 2021 5131 remetietur
2032 5077 2121 5134 robis.
2136 5073 2244 5138 uteeiat

1453 5167 1541 5214 autem
1557 5159 1608 5216 illis
1627 5170 1654 5218 ει
1667 5161 1868 5220 similitudinem
1885 5182 1892 5219 :
1907 5164 2041 5238 Numquid
2056 5179 2146 5241 potest
2159 5185 2244 5230 ειεειιι

1453 5265 1552 5306 εεειιιε
1568 5252 1684 5310 duceret
1697 5269 1786 5311 nonne
1796 5256 1876 5312 ambo
1890 5257 1917 5312 in
1937 5255 2041 5315 leucam
2056 5261 2176 5318 caduntl
2187 5261 2243 5321 ttm

1452 5352 1495 5397 εει
1520 5343 1665 5415 discipulus
1688 5362 1769 5417 super
1793 5350 1948 5420 magistrum
1966 5367 1974 5404 :
1994 5351 2133 5421 perlectus
2158 5365 2243 5414 antur

1452 5438 1541 5493 omnis
1557 5437 1619 5506 erlt,
1630 5438 1653 5494 ει
1667 5439 1703 5494 slt
1715 5439 1786 5494 sieut
1796 5438 1921 5509 magister
1931 5435 2001 5508 eius.
2014 5437 2086 5505 Quid
2095 5447 2188 5495 autern
2200 5437 2242 5494 rl-

1451 5525 1499 5582 des
1512 5524 1642 5581 festucam
1656 5527 1683 5582 in
1697 5527 1776 5583 oeuio
1790 5526 1880 5583 iratrls
1894 5527 1948 5594 tui,
1960 5525 2062 5582 trabem
2077 5537 2168 5585 auten
2181 5539 2239 5600 qu

1450 5616 1477 5671 in
1489 5617 1568 5672 oculo
1582 5624 1628 5672 tuo
1649 5627 1706 5684 εει,
1725 5633 1779 5673 uon
1793 5616 2031 5673 consideraslbut
2044 5619 2183 5689 quomodo
2195 5631 2241 5692 po·

1451 5715 1489 5761 res
1504 5706 1594 5763 dicero
1608 5705 1681 5762 iratri
1695 5717 1751 5775 ruo,
1763 5707 1866 5776 Frater,
1878 5707 1937 5764 sine
1946 5704 2052 5777 ejiciam
2064 5707 2196 5766 festucato
2205 5707 2238 5766 de

1448 5794 1527 5850 ocule
1550 5805 1612 5860 ιεο;
1638 5797 1694 5865 ιρεε
1716 5795 1743 5849 in
1765 5796 1842 5851 ocule
1860 5804 1909 5851 tuo
1933 5796 2035 5851 trabem
2060 5811 2116 5853 aon
2127 5797 2239 5856 ridenti

1449 5884 1607 5956 llypoerira,
1622 5886 1690 5956 ejice
1704 5885 1818 5955 primum
1841 5886 1944 5942 trabem
1966 5887 2002 5943 do
2026 5889 2106 5944 oculo
2122 5897 2189 5956 tuo,
2211 5899 2239 5948 tt

1448 5991 1510 6036 taine
1525 5981 1667 6051 perspicies
1682 5992 1710 6037 ut
1722 5982 1821 6038 educas
1836 5983 1965 6039 lestuemo
1984 5984 2018 6038 de
2040 5981 2121 6040 oculo
2149 5981 2237 6058 iratrb

1448 6075 1495 6128 tui.
1511 6073 1569 6130 lion
1584 6085 1627 6131 εει
1640 6075 1713 6131 enim
1728 6075 1809 6130 arbor
1822 6074 1890 6131 bona
1905 6089 1965 6146 quae
1977 6075 2042 6132 lacit
2059 6075 2165 6134 bueus
2178 6089 2235 6134 ara·
2255 6058 2259 6064 ¹

1479 6189 1486 6216 ¹
1501 6185 1563 6244 vor,
1576 6199 1667 6246 orrtaer,
1677 6186 1816 6236 aliestnunc
1825 6199 1839 6236 a
1849 6186 1965 6252 i'ulgata3
1977 6187 2022 6241 sed
2031 6189 2148 6244 exstabat
2158 6189 2234 6252 ltaq-
2276 6221 2279 6228 ·

1446 6249 1519 6312 tiquls
1531 6249 1601 6299 llorb.
1616 6249 1709 6313 llibbis,
1719 6257 1745 6300 ει
1755 6252 1781 6300 ln
1791 6260 1880 6312 grew.
2301 6287 2305 6292 -

610 6103 716 6169 babenti
725 6124 731 6172 ;
741 6118 767 6163 ot
777 6114 821 6180 qui
834 6113 911 6168 babet
924 6129 1011 6184 escas,
1024 6118 1147 6175 similiter
1159 6119 1246 6174 iaciat.
1262 6117 1396 6173 l'erreruut

640 6215 646 6246 ¹
662 6217 772 6282 i'utgata,
786 6219 913 6285 accipient.
