5709 7534
533 826 600 883 tim

534 942 596 1000 litet
607 945 728 1004 illicitam
742 952 982 1024 concupiscentiam
997 964 1084 1026 potest
1101 960 1173 1010 recte
1185 966 1200 1007 a
1214 951 1328 1008 lornica·

533 1032 611 1091 diruis
623 1051 727 1107 genere
738 1055 881 1114 separare,
900 1045 924 1101 si
942 1047 1051 1103 auaritia
1065 1045 1203 1102 lornicotio
1214 1041 1274 1098 esti
1290 1040 1328 1096 Ex

531 1141 583 1196 quo
594 1128 764 1204 intelligitur,
774 1136 844 1207 quod
854 1148 965 1211 propter
975 1140 1081 1196 illicitas
1089 1136 1327 1209 concupiscentias,

531 1232 583 1273 nour
601 1229 706 1278 tantum
720 1228 821 1297 quaein
834 1229 1237 1302 stupriscumalieuisuirisaut
1251 1227 1328 1282 ictui-

533 1313 573 1367 ois
585 1314 803 1387 committuntur,
816 1321 863 1377 sod
874 1323 983 1379 omuino
992 1323 1133 1394 quaslibet,
1146 1337 1205 1393 queo
1212 1319 1328 1375 animam

531 1418 645 1475 corpore
658 1407 732 1465 male
744 1420 862 1467 utetrtem
876 1429 892 1467 a
909 1414 967 1485 lege
981 1416 1026 1471 llei
1041 1415 1165 1470 aberrare
1178 1414 1287 1477 luciuunt,
1302 1416 1330 1464 et

532 1495 683 1564 perniciose
698 1502 864 1574 turpiterque
876 1505 1022 1575 corruunpi,
1038 1506 1122 1576 possit
1140 1505 1198 1561 siue
1218 1502 1329 1560 crimine

532 1595 557 1640 et
570 1587 611 1642 nir
634 1603 748 1646 uxorem
769 1591 914 1659 dimittere,
929 1605 958 1650 et
970 1612 1036 1651 uuor
1053 1597 1139 1662 riruuun
1153 1613 1160 1648 ε
1174 1594 1235 1667 quia
1247 1608 1328 1649 exce·

532 1685 602 1746 ptam
624 1676 689 1736 lacit
700 1680 829 1753 bontims
840 1700 948 1740 causam
963 1686 1165 1754 fornicatiouis,
1180 1701 1258 1758 quam
1273 1685 1329 1741 lor-

532 1766 704 1837 nioationem,
720 1773 789 1828 sicut
801 1788 881 1846 supra
897 1775 1095 1832 consideratum
1111 1787 1163 1844 est,
1176 1776 1328 1847 generalem

532 1866 559 1912 et
571 1858 751 1917 universalem
767 1863 915 1935 intelligere
929 1866 1058 1936 cogimur.

566 1948 854 2022 cleonicumque,
868 1967 1059 2031 excepturum
1072 1957 1265 2026 [muriculiouim
1275 1970 1328 2012 uon

534 2037 601 2095 dixit
617 2042 696 2113 cujus
710 2043 838 2116 ipsorum,
854 2048 915 2114 tiri,
931 2063 965 2103 an
986 2048 1100 2104 icminm.
1114 2050 1172 2105 Non
1185 2050 1256 2105 cutim
1269 2057 1327 2104 tau-

534 2142 587 2190 tum
602 2136 781 2195 fornicantem
803 2156 914 2196 uxorem
936 2142 1070 2199 dimittere
1086 2144 1258 2210 conceditur,
1278 2141 1327 2198 scd

533 2226 652 2298 quisquis
662 2243 722 2283 eam
739 2246 844 2300 quoquc
857 2246 967 2287 uxorein
985 2232 1103 2299 dimittit,
1117 2249 1132 2287 a
1151 2249 1203 2303 qua
1217 2235 1274 2304 ipsc
1284 2246 1328 2288 eo·

532 2316 602 2388 gitur
617 2317 765 2383 lumicari,
788 2336 867 2377 eausa
891 2322 1073 2379 barutieatiouie
1094 2325 1183 2396 utique
1207 2323 1325 2383 multitu.

535 2405 610 2463 Velut
624 2408 648 2463 ai
663 2410 781 2481 aliquem
793 2424 872 2483 cogat
886 2430 952 2469 uxor
961 2415 1111 2471 sacrilieare
1125 2416 1212 2484 idolis,
1225 2418 1270 2486 qui
1287 2427 1328 2471 ta-

533 2499 584 2554 lem
598 2498 719 2570 dimittit,
733 2517 813 2558 causa
827 2504 1009 2561 lornimtionis
1026 2505 1143 2575 dimittit,
1157 2523 1209 2563 nou
1226 2516 1326 2562 tammo

531 2589 620 2657 iliius,
641 2592 690 2648 sed
709 2601 737 2647 et
751 2610 806 2649 sum
822 2611 829 2647 ε
846 2594 916 2650 illius
928 2637 937 2662 ,
950 2597 1011 2667 quia
1025 2595 1189 2665 luruicatur;
1204 2613 1259 2653 sum
1270 2638 1279 2664 ,
1292 2613 1328 2654 uc

533 2679 688 2738 lornieetur.
709 2683 782 2739 Nibil
796 2694 884 2741 atatem
900 2685 1033 2758 iniquius,
1055 2704 1134 2759 quam
1147 2689 1327 2745 interemtionis

534 2785 612 2827 eausa
629 2772 765 2831 dimittere
778 2792 898 2843 uxorem,
914 2782 936 2831 si
951 2790 979 2833 et
994 2780 1050 2850 ipse
1062 2781 1227 2835 muiuiucitm·
1244 2781 1327 2836 lorttl-

533 2863 595 2918 ωτι.
610 2864 731 2921 Occturit
744 2866 815 2921 coitu
828 2867 904 2935 illud,
918 2867 951 2922 lu
961 2885 1010 2939 quo
1019 2870 1085 2923 euim
1096 2869 1204 2925 oluerunt
1211 2871 1325 2942 judicor,

534 2956 690 3025 teuuetipratut
704 2957 858 3013 condemner
872 2975 881 3013 .·
896 2959 983 3014 eodem
1001 2961 1067 3014 ertitu
1086 2961 1141 3031 nqis
1155 2978 1210 3032 que
1224 2957 1326 3034 judicor

534 3043 630 3117 (llam
649 3062 688 3116 n,
718 3050 769 3121 l).
792 3050 976 3121 Quapropter,
1004 3054 1123 3124 quisquis
1146 3056 1327 3111 fornicationis

532 3151 612 3192 eausa
624 3138 683 3193 uult
695 3139 814 3210 abjicere
826 3157 945 3210 uxorem,
967 3144 1040 3212 prior
1050 3144 1129 3201 debet
1146 3161 1230 3201 ossea
1244 3146 1325 3202 iorni·
1338 3165 1346 3176 ·

533 3229 636 3286 catione
648 3241 776 3302 purgatus
787 3251 794 3287 :
806 3234 877 3304 quod
896 3233 1018 3291 similiter
1035 3237 1114 3291 ctiam
1127 3236 1161 3293 de
1174 3237 1272 3294 lumina
1285 3237 1326 3293 di·

534 3322 626 3380 ierim.
1055 3375 1060 3383 ,
1099 3390 1103 3398 g

560 3415 612 3477 te.
632 3414 709 3483 Quod
723 3427 814 3474 autem
834 3418 908 3487 dicit,
924 3419 1044 3492 Quisquis
1059 3421 1168 3477 solutum
1181 3439 1197 3476 u
1208 3424 1262 3477 uiro
1274 3423 1325 3478 dut-

532 3508 606 3573 serit,
628 3508 786 3576 oterlmtur,
801 3511 883 3582 quaeri
898 3520 985 3582 petest
999 3523 1087 3568 utrum
1103 3513 1236 3584 quomodo
1257 3523 1331 3568 tttoe·'

532 3600 627 3656 eluatur
645 3601 689 3658 ille
703 3604 748 3674 qui
760 3602 845 3668 ducit,
858 3604 898 3659 sic
918 3613 946 3660 et
966 3604 1009 3659 illa
1024 3619 1103 3674 quam
1116 3605 1199 3660 ducit.
1214 3605 1326 3662 labetur

532 3691 603 3746 cuim
618 3700 646 3746 et
660 3692 703 3747 illa
719 3709 829 3750 nuanere
850 3694 976 3766 innupta,
998 3706 1045 3750 aut
1057 3696 1116 3751 uiro
1135 3699 1323 3753 reconciliari:

533 3785 785 3854 scdsidiscesseuit,
802 3788 894 3858 inquit,
910 3789 1004 3843 auito.
1019 3789 1128 3844 llultum
1140 3800 1227 3845 erubunt
1243 3792 1324 3845 inter-

535 3884 575 3931 est
584 3886 673 3932 utrum
692 3877 817 3944 dimittat,
832 3895 865 3934 au
878 3879 1033 3935 dimittatur.
1049 3881 1077 3936 Si
1088 3882 1158 3936 euim
1170 3883 1225 3952 ipsa
1238 3881 1323 3937 uirum

532 3968 682 4037 dimiserit,
698 3978 728 4027 et
746 3971 1090 4042 alterinttpscri13t'idetur
1109 3974 1251 4044 cupiditate
1264 3990 1323 4028 ittu-

532 4060 728 4133 tartdicoujugii
739 4064 825 4118 virtum
840 4063 956 4132 priorem
970 4063 1120 4134 reliquisse,
1134 4080 1193 4133 qum
1205 4063 1263 4119 sine
1275 4063 1324 4118 du·

533 4150 576 4205 bio
596 4152 746 4207 adulterina
768 4153 894 4223 cogitatio
911 4160 962 4208 est.
982 4153 1011 4208 Si
1028 4162 1118 4207 autem
1141 4152 1322 4207 diruittatura

531 4242 598 4309 uiro,
614 4258 675 4298 eum
694 4260 749 4315 quu
765 4260 826 4301 esse
845 4244 982 4314 cupiebam
998 4244 1146 4300 ntoecbatur
1159 4244 1265 4315 quidem
1277 4245 1322 4316 qui

531 4349 588 4388 cam
598 4320 714 4402 duxerit,
726 4334 871 4390 secundum
885 4335 987 4389 botuuini
998 4336 1167 4401 senteutiam,
1178 4335 1225 4390 sed
1236 4345 1324 4391 utrum

531 4433 558 4479 et
578 4425 635 4495 ipsa
655 4425 701 4480 tali
714 4424 826 4481 crimine
841 4435 972 4492 teneatur,
987 4426 1117 4481 incertum
1132 4434 1183 4481 est.
1198 4426 1324 4494 Qttamuis

532 4515 615 4570 inulto
629 4515 719 4571 mitius
732 4516 844 4571 iruueuiri
856 4517 940 4586 possit
951 4516 1084 4587 quomodo
1095 4531 1155 4571 cum
1171 4518 1211 4572 cir
1224 4525 1252 4573 et
1263 4532 1323 4573 tnu-

532 4604 580 4660 lier
589 4606 647 4676 pari
660 4619 793 4661 consensu
805 4606 855 4662 sibi
869 4607 1047 4674 uniseeautur,
1065 4622 1135 4663 uirtus
1147 4623 1240 4663 eorum
1257 4623 1325 4665 mte-

530 4693 598 4750 cbus
610 4696 655 4762 sit,
669 4704 696 4752 οι
715 4711 768 4751 nou
789 4699 823 4751 sit
843 4697 919 4752 alter.
939 4697 997 4753 lluc
1008 4696 1128 4764 accedit,
1143 4698 1240 4768 quiesi
1255 4714 1323 4756 mte-

531 4786 625 4842 clmtur
645 4787 691 4843 illo
705 4786 828 4843 ducendo
839 4802 897 4843 earu
913 4804 972 4858 qum
986 4788 1071 4843 soluta
1082 4788 1225 4856 estauiro,
1240 4804 1324 4860 quan-

531 4891 610 4949 quam
623 4894 676 4933 non
694 4876 842 4944 dimiserit,
858 4877 906 4934 scd
925 4878 1034 4933 diunissa
1052 4879 1102 4946 sit,
1116 4880 1172 4949 ipsa
1184 4894 1244 4935 eum
1261 4868 1324 4955 la'eit

531 4967 677 5035 ntoecluari,
691 4967 762 5039 quod
781 4967 952 5023 tribilominus
966 4968 1094 5023 bumiuus
1112 4978 1194 5025 uetat.
1219 4970 1258 5025 Ex
1270 4984 1324 5041 quo

530 5047 674 5130 colligitur,
686 5058 745 5115 siue
754 5057 863 5113 diuiiesa
875 5058 963 5123 luerit,
978 5059 1035 5113 sice
1046 5058 1187 5128 dimiserit,
1199 5068 1324 5130 oportere

531 5153 603 5208 illam
616 5166 725 5208 ntanere
738 5152 887 5221 innuptam,
900 5158 946 5204 aut
957 5149 1016 5206 uiro
1028 5150 1203 5207 reconciliari.

564 5246 610 5302 tu.
628 5244 745 5301 liurmmt
763 5242 892 5313 quaeritur
913 5250 1000 5297 utrum
1021 5243 1044 5297 si
1066 5242 1156 5297 tutoris
1176 5243 1321 5320 permissu,

531 5336 587 5391 sire
599 5335 711 5402 sterilis,
723 5334 782 5390 site
794 5350 854 5406 qua·
867 5333 1039 5389 concubitum
1055 5334 1108 5404 pati
1122 5348 1175 5388 non
1188 5335 1259 5402 uult,
1272 5334 1322 5389 acl·

531 5429 647 5486 bibuerit
659 5428 709 5485 sibi
721 5427 832 5484 alterum
847 5427 887 5482 uir
899 5467 908 5493 ,
922 5441 974 5481 non
989 5427 1114 5495 alienam,
1129 5442 1243 5497 nequeo
1265 5428 1323 5483 uiro

529 5523 690 5594 sejunctam,
706 5522 866 5592 possiteese
880 5520 939 5576 sine
951 5520 1063 5575 crimine
1077 5519 1278 5576 fornicatiouis?
1290 5521 1323 5575 Et

530 5615 557 5671 in
566 5615 675 5671 historia
685 5613 793 5685 quidem
804 5613 909 5669 Veteris
919 5613 1080 5668 Testamenti
1091 5614 1323 5671 inueniturerem-

531 5706 621 5776 quarm
642 5704 690 5761 sed
705 5719 776 5761 nunc
791 5715 922 5776 praecepta
939 5704 1039 5774 majora
1059 5713 1138 5770 suunt,
1158 5706 1186 5760 in
1201 5722 1260 5777 quoe
1273 5722 1323 5779 per

530 5799 604 5856 illum
617 5798 728 5870 gradum
742 5798 877 5869 generatio
897 5797 1010 5851 liumaua
1029 5798 1148 5867 peruenit
1165 5816 1172 5853 :
1188 5798 1322 5855 tractanda

529 5890 573 5946 illa
586 5890 695 5946 suntad
707 5888 908 5960 distinguendas
921 5896 1013 5945 aetates
1030 5889 1235 5960 dispensationis
1253 5891 1322 5947 diui-

527 5998 570 6038 nae
582 5981 775 6053 prouidentiae,
794 5997 853 6050 uque
877 5981 994 6036 buinano
1012 5982 1102 6051 geueri
1126 5981 1322 6038 ordinatissime

526 6074 666 6140 ιιιιιιοοίις
678 6088 731 6128 uou
744 6082 832 6128 auteur
843 6071 876 6128 ad
889 6072 1114 6141 uiuendi‘regulas
1126 6074 1292 6144 usurpandas
1301 6075 1320 6128 ¹.

526 6165 581 6220 Sed
596 6173 685 6220 temen
700 6172 790 6219 utrum
805 6162 875 6232 quod
890 6162 927 6217 eit
939 6162 1091 6232 Apostolus,
1106 6160 1200 6217 lltulier
1213 6180 1263 6220 nou
1276 6165 1323 6219 luu-

556 6277 566 6311 ¹
579 6283 605 6328 1
615 6273 757 6330 ceumoml
768 6272 852 6325 codiee
860 6252 914 6335 ,eti
921 6271 1016 6327 rimam
1023 6272 1130 6337 repeton
1141 6277 1289 6340 trmrpmtdm

1211 807 1324 890 'tinen
1344 833 1492 898 nuatuus,

2101 859 2169 917 titt

1383 948 1422 1003 let
1434 956 1630 1019 potestatuum
1643 956 1764 1027 corporis,
1780 957 1824 1013 red
1842 961 1895 1027 oir;
1906 964 2020 1021 tirtdliler
2031 974 2056 1022 et
2068 977 2105 1024 etr
2119 987 2171 1027 nun

1384 1039 1457 1095 iubet
1471 1052 1617 1111 potestatem
1634 1048 1675 1100 rui
1692 1052 1818 1119 corporis,
1840 1052 1885 1107 ted
1904 1056 1993 1110 uuuiier
2003 1072 2014 1120 ,·
2037 1059 2122 1129 possit
2144 1060 2171 1117 in

1384 1139 1485 1187 tantum
1501 1133 1611 1203 ualere,
1626 1146 1655 1191 ut
1671 1141 1841 1209 permittente
1855 1160 1951 1215 uxore,
1966 1161 2025 1219 qum
2039 1152 2173 1208 maritalis
2228 1157 2232 1162 '

1382 1224 1502 1296 corporis
1515 1236 1672 1297 potestatem
1684 1230 1771 1300 babet,
1785 1238 1866 1305 possit
1880 1239 1920 1293 rir
1929 1255 1987 1295 eum
2002 1242 2095 1309 alteru,
2111 1260 2172 1315 quau

1382 1329 1432 1369 nec
1442 1316 1526 1373 alicua
1538 1320 1660 1384 mersit,
1672 1337 1743 1378 neca
1757 1326 1812 1381 ciro
1823 1328 1963 1402 disjuncta,
1973 1335 2150 1392 concumbere
2162 1353 2171 1391 ε

1383 1405 1430 1459 sed
1447 1421 1498 1461 non
1515 1408 1551 1463 ita
1564 1418 1606 1464 est
1619 1411 1837 1483 existimandum,
1851 1434 1885 1475 ne
1900 1419 1949 1477 boe
1967 1423 2047 1478 etiam
2059 1423 2169 1490 leuuriua,

1381 1494 1440 1549 uiuo
1455 1497 1634 1565 peruuittcnte,
1648 1499 1735 1557 lacere
1747 1518 1825 1574 posse
1834 1506 1962 1577 uideatur,
1971 1512 2040 1583 quod
2050 1514 2169 1569 omnium

1381 1601 1475 1643 seusus
1487 1589 1614 1646 excludit.

1417 1676 1462 1732 50.
1481 1678 1639 1751 Quuauqumu
1660 1685 1794 1741 nonnulle
1814 1703 1902 1745 causae
1920 1694 2020 1761 possint
2037 1696 2170 1765 existere,

1382 1766 1425 1820 urbi
1438 1778 1465 1823 et
1477 1785 1552 1835 uum,
1567 1775 1654 1829 mariti
1669 1791 1813 1845 consensu,
1827 1796 1876 1851 pro
1890 1783 1947 1853 ipso
1957 1787 2051 1843 marito
2063 1788 2115 1846 boc
2125 1788 2166 1845 lu-

1363 1872 1443 1914 .cere
1461 1859 1560 1919 debere
1579 1865 1700 1923 uideatur
1720 1886 1728 1924 :
1748 1870 1817 1925 sicut
1836 1872 1984 1929 Antiochiae
2003 1875 2172 1937 betumesse

1380 1949 1536 2017 perhibetur
1552 1964 1615 2011 ante
1628 1956 1817 2030 quinquaginta
1833 1960 1917 2019 lertue
1930 1978 2025 2032 annos,
2043 1965 2172 2024 Constan-

1381 2039 1408 2092 tii
1431 2044 1593 2111 temporibus
1610 2042 1657 2118 (o).
1679 2046 1744 2103 Noun
1761 2051 1917 2121 beyndinus
1938 2060 2000 2111 tunc
2020 2056 2171 2127 praelectus,

1379 2132 1424 2201 qui
1438 2133 1518 2189 ctiam
1532 2138 1624 2192 consul
1639 2136 1698 2206 luit,
1712 2154 1773 2195 cum
1787 2144 1929 2213 quemdam
1941 2146 2015 2204 librm
2026 2152 2084 2206 auri
2097 2152 2174 2208 debi-

1383 2230 1469 2278 torem
1480 2225 1534 2280 llsci
1544 2226 1671 2299 exigeret,
1678 2230 1768 2286 nescio
1778 2232 1848 2288 unde
1858 2246 2018 2304 commotus,
2030 2242 2101 2310 qood
2114 2243 2173 2312 ple-

1379 2329 1492 2384 ruruque
1511 2319 1537 2371 in
1558 2318 1615 2374 istis
1630 2321 1804 2390 potestatibus
1818 2325 1994 2394 periculosum
2007 2338 2059 2396 est,
2074 2333 2172 2400 equilum

1378 2404 1516 2474 quodlibet
1537 2407 1609 2473 licet,
1620 2418 1665 2464 aut
1677 2412 1764 2480 potius
1778 2421 1886 2482 putatur
1896 2415 1985 2483 licere,
1996 2420 2179 2493 ootnuiuiuat,t

1379 2504 1421 2551 cst
1431 2497 1524 2567 iterans
1534 2508 1562 2555 et
1575 2500 1747 2558 uehementer
1760 2503 1907 2573 alirumns,
1919 2507 1991 2579 quod
2005 2508 2028 2563 si
2041 2518 2115 2567 certo
2128 2513 2174 2567 dio

1379 2603 1459 2659 quem
1473 2593 1658 2660 cottslituerat,
1673 2604 1849 2652 memoratum
1872 2613 1965 2653 autrum
1980 2615 2032 2655 non
2052 2601 2172 2658 exsolue-

1379 2690 1430 2744 ret,
1443 2682 1617 2739 occideretur.
1631 2684 1719 2755 ltuque
1730 2702 1790 2742 cum
1801 2686 1844 2745 ille
1856 2696 1992 2744 teneretur
2002 2690 2109 2746 imumui
2123 2707 2172 2748 cu·

1379 2772 1476 2837 studia,
1500 2789 1549 2830 uec
1565 2789 1593 2829 sc
1607 2787 1698 2846 posset
1709 2777 1800 2833 debito
1819 2780 1864 2834 illo
1882 2780 2017 2850 expedire,
2039 2782 2097 2838 dies
2115 2799 2173 2839 mee

1380 2861 1495 2918 tuendus
1509 2864 1649 2921 imminere
1659 2876 1686 2922 et
1701 2868 1879 2939 propinquare
1892 2871 1983 2940 empit.
1997 2872 2032 2926 Ει
2043 2871 2111 2928 lorte
2125 2873 2172 2930 lua·

1379 2949 1460 3006 belm
1473 2968 1583 3007 uxuireut
1598 2954 1811 3025 pulcherrimam,
1822 2959 1869 3013 sud
1882 2960 1978 3015 nullius
1988 2962 2107 3031 pecuniae
2119 2979 2171 3033 qua

1377 3040 1532 3099 subueniret
1553 3044 1632 3101 uiro:
1652 3045 1727 3117 cujus
1748 3048 1867 3103 mulieris
1889 3050 2085 3120 pulchritudine
2107 3069 2170 3110 cuin

1377 3130 1486 3201 quidam
1498 3132 1573 3188 diues
1587 3144 1660 3190 esset
1673 3150 1811 3202 accettsus,
1822 3149 1854 3193 ,et
1867 3141 2035 3210 mgurouissct
2046 3143 2171 3200 maritum

1377 3222 1436 3291 ejus
1447 3223 1472 3277 in
1489 3224 1533 3279 illo
1545 3225 1700 3283 discrimine
1709 3229 1894 3295 constitutum,
1910 3231 1982 3287 misit
1993 3232 2025 3286 au
2039 3248 2097 3288 eam
2113 3234 2171 3305 pol‹

1377 3311 1461 3367 licens
1477 3330 1523 3385 pro
1539 3330 1590 3369 uua
1606 3327 1703 3382 uento,
1723 3318 1745 3374 si
1761 3319 1784 3374 ei
1799 3321 1904 3376 misceri
1918 3322 2005 3392 uellet,
2023 3325 2123 3379 scauri
2137 3325 2169 3380 li-

1378 3404 1452 3461 brum
1465 3406 1599 3462 daturum.
1613 3409 1680 3464 Tum
1694 3410 1737 3465 illa
1750 3427 1808 3481 qum
1818 3394 1847 3468 se
1857 3413 1937 3469 sciret
1948 3430 2002 3470 nou
2017 3414 2115 3472 babere
2128 3417 2171 3472 sui

1376 3500 1496 3568 corporis
1507 3504 1674 3570 potest‘item,
1688 3502 1735 3558 sed
1751 3504 1836 3560 uirum
1846 3521 1932 3572 suurn,
1945 3508 2052 3577 pertulit
2061 3508 2094 3586 ad
2108 3524 2171 3566 eum

1376 3589 1470 3646 dicens
1484 3599 1603 3661 paratam
1616 3609 1645 3650 se
1655 3608 1714 3650 esso
1729 3611 1777 3666 pro
1789 3597 1885 3652 marito
1895 3599 1920 3654 id
1930 3598 2028 3666 lacere,
2042 3601 2064 3656 si
2079 3609 2170 3659 minen
2209 3604 2213 3607 ’

1377 3681 1435 3751 ipse
1449 3683 1595 3755 conjugalis
1608 3687 1729 3757 corporis
1742 3686 1875 3754 dominus,
1885 3691 1928 3745 cui
1941 3698 1995 3746 tota
2008 3692 2052 3747 illo
2064 3694 2173 3749 castitas

1376 3772 1537 3839 deberetur,
1560 3786 1685 3847 tauquam
1699 3778 1734 3834 de
1748 3794 1777 3835 re
1795 3793 1842 3835 sua
1856 3795 1903 3851 pro
1917 3782 1970 3837 uim
1983 3798 2031 3838 sua
2050 3785 2130 3841 uellet
2143 3786 2170 3841 iul

1376 3863 1445 3919 lueri.
1472 3865 1532 3936 Egit
1549 3867 1593 3922 ille
1605 3869 1712 3937 gratias,
1728 3877 1793 3925 etut
1806 3869 1832 3926 id
1847 3870 1923 3929 ieret
1937 3874 2084 3943 imperauit,
2098 3877 2172 3932 nullo

1375 3954 1456 4010 ruuodo
1466 3955 1589 4021 judicans
1603 3957 1780 4014 adulterinum
1793 3975 1853 4023 esse
1867 3964 2046 4029 concubitum,
2061 3967 2132 4035 quod
2143 3978 2172 4023 et

1375 4044 1539 4103 libidunulia
1551 4056 1578 4101 et
1588 4061 1682 4117 inagna
1697 4049 1785 4104 tnariti
1794 4048 1911 4105 ebaritas
1921 4051 2068 4121 sejubeute
2081 4064 2109 4109 et
2120 4070 2168 4110 uo-

1374 4135 1446 4191 lente
1464 4135 1602 4206 llagitaret.
1619 4138 1696 4194 llcnit
1710 4139 1848 4197 mulierad
1867 4142 1957 4197 uillam
1975 4143 2045 4199 illius
2059 4142 2160 4214 diuitis,

1374 4226 1437 4281 lecit
1450 4227 1520 4298 qumi
1536 4229 1619 4285 uoluit
1636 4230 1785 4301 impudicus
1801 4248 1808 4286 :
1824 4232 1871 4288 sed
1891 4232 1934 4289 illa
1948 4249 2044 4306 corpus
2057 4238 2164 4293 nonnisi

1375 4320 1471 4373 marito
1481 4318 1574 4389 dedit,
1588 4337 1641 4377 non
1655 4323 1850 4393 concumbere,
1865 4333 1893 4380 ut
1905 4325 1993 4393 solet,
2015 4325 2063 4382 sed
2075 4327 2168 4384 uiuere

1375 4411 1501 4482 cupienti·
1518 4412 1627 4484 Accepit
1643 4429 1737 4471 aurum
1753 4434 1760 4471 :
1778 4417 1825 4473 sed
1843 4417 1889 4475 ille
1905 4419 1950 4490 qui
1965 4419 2053 4487 dedit,
2076 4420 2169 4478 iraude

1375 4500 1510 4557 subtraxit
1523 4503 1596 4573 quod
1610 4503 1730 4573 dederat,
1746 4514 1774 4562 et
1786 4508 1925 4577 supposuit
1938 4510 2025 4565 simile
2039 4509 2168 4580 ligamen-

1376 4601 1431 4645 tum
1441 4607 1502 4646 eum
1514 4602 1593 4649 terra.
1605 4592 1681 4661 Quod
1696 4596 1740 4651 ubi
1752 4596 1849 4652 mulier
1858 4598 1913 4668 jour
1926 4598 1997 4653 domi
2011 4614 2066 4654 suae
2080 4601 2167 4671 posita

1375 4680 1487 4746 inuenit,
1504 4683 1625 4760 prosiluit
1640 4684 1667 4740 in
1680 4685 1816 4757 publicum
1833 4687 1925 4743 eudem
1937 4689 2024 4744 mariti
2037 4688 2167 4746 clamitate

1374 4772 1518 4826 clamatura
1533 4772 1603 4843 quod
1623 4776 1739 4843 lecerat,
1760 4789 1811 4846 qua
1829 4775 1916 4831 lacere
1933 4784 2024 4833 coacta
2045 4788 2087 4833 est
2102 4797 2109 4834 :
2124 4779 2167 4832 in·

1375 4862 1497 4933 terpellut
1512 4862 1682 4934 prefectum,
1707 4865 1804 4921 latetur
1817 4866 1923 4934 omnia,
1945 4882 2023 4937 quam
2046 4867 2166 4923 iraudeuu

1375 4966 1452 5023 passa
1472 4962 1542 5010 esset
1560 4955 1687 5012 ostendit.
1708 4956 1776 5012 Tum
1796 4972 1860 5013 sero
1883 4958 2024 5029 preelectus
2037 4960 2123 5030 primo
2138 4975 2168 5015 se

1375 5060 1461 5113 reum,
1473 5047 1541 5118 quod
1555 5048 1610 5102 suis
1621 5048 1704 5117 minis
1711 5048 1744 5103 ad
1757 5048 1783 5104 id
1794 5056 1901 5105 teritum
1912 5058 1993 5115 osset,
2002 5051 2166 5121 pronuntiat,

1375 5143 1500 5208 tanquam
1514 5138 1539 5192 iu
1550 5138 1630 5195 alium
1642 5140 1801 5195 sententiam
1813 5140 1915 5204 dicens,
1928 5141 1963 5197 de
1978 5141 2109 5220 bopardini
2118 5144 2169 5200 bo-

1374 5228 1417 5283 nis
1428 5228 1486 5284 auri
1497 5228 1591 5284 libram
1601 5229 1858 5300 liscoinlercndaro;
1872 5232 1944 5292 illam
1956 5249 2021 5291 uero
2031 5235 2168 5291 mulierem

1374 5320 1509 5377 dominam
1517 5320 1553 5377 ’in
1567 5336 1627 5377 earo
1641 5330 1753 5390 terram,
1762 5323 1833 5380 uude
1845 5339 1895 5396 pro
1905 5341 1971 5382 auru
1984 5336 2081 5383 terrani
2091 5343 2168 5383 acce·

1375 5414 1467 5483 pissct,
1482 5414 1581 5470 induci.
1595 5413 1668 5471 Nibil
1680 5414 1743 5472 bine
1757 5416 1784 5473 iu
1798 5417 1914 5488 aliquam
1928 5427 2028 5488 partem
2042 5418 2166 5488 disputo;

1374 5506 1452 5562 liceat
1463 5506 1559 5577 cuique
1568 5506 1702 5564 aestimare
1715 5507 1787 5579 quod
1796 5509 2019 5565 uelit:uoueuim
2028 5507 2061 5562 de
2071 5506 2169 5562 diuinis
2226 5582 2234 5600 ‘

1374 5600 1577 5658 auctoritatibus
1597 5601 1757 5674 deprompta
1780 5601 1888 5679 bisturia
1918 5609 1958 5655 est
1976 5616 1983 5653 :
2004 5600 2052 5654 scd
2077 5607 2166 5655 tanuen

1375 5702 1482 5748 inerrato
1495 5692 1583 5762 lacto,
1606 5707 1659 5750 uon
1672 5694 1708 5750 ita
1726 5693 1827 5763 respuit
1845 5690 1897 5746 boc
1913 5704 2008 5746 serrem
2023 5692 2164 5757 bumanus,

1374 5785 1446 5858 quod
1467 5785 1495 5840 in
1516 5785 1560 5841 illa
1578 5787 1689 5842 muliere
1709 5785 1766 5840 uiro
1783 5784 1894 5854 jubente
1913 5783 2086 5838 commissum
2106 5794 2166 5850 est,

1374 5876 1597 5948 quemadmodum
1610 5885 1697 5944 autea,
1708 5888 1769 5929 cum
1778 5875 1836 5929 siue
1849 5874 1903 5929 rullo
1915 5874 2038 5944 exemplo
2052 5887 2095 5930 ree
2109 5874 2166 5944 ipsa

1374 5977 1534 6037 poneretur,
1549 5966 1710 6022 liorrtuimus.
1722 5964 1775 6021 Sed
1796 5966 1822 6020 in
1838 5966 1888 6020 bue
1902 5964 2038 6035 Evangelii
2051 5965 2167 6035 capitulo

1376 6057 1442 6112 uilul
1457 6056 1549 6114 lortius
1562 6055 1784 6112 considerandum
1798 6065 1849 6123 est,
1864 6070 1942 6126 quam
1954 6062 2054 6108 tarutum
2067 6067 2166 6109 iuratum

1373 6212 1550 6326 ιιι(οὲωἱιιοιιοι
1557 6212 1642 6263 cluisd
1657 6223 1747 6262 antrum
1758 6211 1819 6261 διὀε
1832 6211 1922 6275 quippe
1930 6211 1975 6261 boc
1985 6208 2107 6260 scribebat
2118 6208 2168 6260 sul)
