<?xml version="1.0" encoding="UTF-8"?>
<!DOCTYPE html PUBLIC "-//W3C//DTD XHTML 1.0 Transitional//EN"
    "http://www.w3.org/TR/xhtml1/DTD/xhtml1-transitional.dtd">
<html xmlns="http://www.w3.org/1999/xhtml" xml:lang="en" lang="en">
 <head>
  <title>
</title>
<meta http-equiv="Content-Type" content="text/html;charset=utf-8" />
  <meta name='ocr-system' content='tesseract 3.04.00' />
  <meta name='ocr-capabilities' content='ocr_page ocr_carea ocr_par ocr_line ocrx_word'/>
</head>
<body>
  <div class='ocr_page' id='page_1' title='image "./sanctiaureliiau02augugoog/sanctiaureliiau02augugoog_0120.png"; bbox 0 0 5709 7534; ppageno 0'>
   <div class='ocr_carea' id='block_1_1' title="bbox 603 901 1430 6269">
    <p class='ocr_par' dir='ltr' id='par_1_1' title="bbox 603 901 1430 6269">
     <span class='ocr_line' id='line_1_1' title="bbox 616 901 1430 984; baseline -0.016 -8"><span class='ocrx_word' id='word_1_1' title='bbox 616 901 623 934; x_wconf 76' lang='lat'><em>¹</em></span> <span class='ocrx_word' id='word_1_2' title='bbox 647 928 703 984; x_wconf 66' lang='lat' dir='ltr'>eati</span> <span class='ocrx_word' id='word_1_3' title='bbox 738 933 765 976; x_wconf 77' lang='grc' dir='ltr'>ιι</span> <span class='ocrx_word' id='word_1_4' title='bbox 781 923 880 975; x_wconf 74' lang='lat' dir='ltr'>tuens</span> <span class='ocrx_word' id='word_1_5' title='bbox 889 927 964 983; x_wconf 73' lang='grc' dir='ltr'><strong>ιιμι</strong></span> <span class='ocrx_word' id='word_1_6' title='bbox 975 921 1066 966; x_wconf 75' lang='lat' dir='ltr'>una·</span> <span class='ocrx_word' id='word_1_7' title='bbox 1077 949 1085 970; x_wconf 84' lang='lat'>,</span> <span class='ocrx_word' id='word_1_8' title='bbox 1097 917 1120 962; x_wconf 83' lang='grc' dir='ltr'>ιι</span> <span class='ocrx_word' id='word_1_9' title='bbox 1133 908 1245 960; x_wconf 65' lang='lat' dir='ltr'>dudam</span> <span class='ocrx_word' id='word_1_10' title='bbox 1257 907 1430 964; x_wconf 67' lang='lat' dir='ltr'>turanorum</span> 
     </span>
     <span class='ocr_line' id='line_1_2' title="bbox 646 966 1427 1078; baseline -0.014 -12"><span class='ocrx_word' id='word_1_11' title='bbox 646 1031 670 1076; x_wconf 65' lang='lat' dir='ltr'><strong><em>a</em></strong></span> <span class='ocrx_word' id='word_1_12' title='bbox 681 966 747 1072; x_wconf 51' lang='lat' dir='ltr'>du’n</span> <span class='ocrx_word' id='word_1_13' title='bbox 762 1030 769 1045; x_wconf 93' lang='lat'><em>·</em></span> <span class='ocrx_word' id='word_1_14' title='bbox 784 1027 807 1068; x_wconf 85' lang='grc' dir='ltr'>ιι</span> <span class='ocrx_word' id='word_1_15' title='bbox 820 1015 869 1068; x_wconf 79' lang='lat' dir='ltr'>tint</span> <span class='ocrx_word' id='word_1_16' title='bbox 879 1012 906 1064; x_wconf 76' lang='lat' dir='ltr'>in</span> <span class='ocrx_word' id='word_1_17' title='bbox 917 1009 1001 1078; x_wconf 69' lang='lat' dir='ltr'>siqu,</span> <span class='ocrx_word' id='word_1_18' title='bbox 1017 1015 1041 1058; x_wconf 80' lang='grc' dir='ltr'>ιι</span> <span class='ocrx_word' id='word_1_19' title='bbox 1052 1013 1177 1069; x_wconf 73' lang='lat' dir='ltr'>tenpore,</span> <span class='ocrx_word' id='word_1_20' title='bbox 1190 1009 1215 1053; x_wconf 81' lang='lat' dir='ltr'>ct</span> <span class='ocrx_word' id='word_1_21' title='bbox 1227 998 1294 1063; x_wconf 80' lang='lat' dir='ltr'>dies,</span> <span class='ocrx_word' id='word_1_22' title='bbox 1305 1010 1427 1055; x_wconf 76' lang='lat' dir='ltr'>eternus.</span> 
     </span>
     <span class='ocr_line' id='line_1_3' title="bbox 646 1056 1427 1177; baseline -0.028 -11"><span class='ocrx_word' id='word_1_23' title='bbox 646 1112 694 1166; x_wconf 89' lang='lat' dir='ltr'>llic</span> <span class='ocrx_word' id='word_1_24' title='bbox 703 1056 775 1165; x_wconf 65' lang='lat' dir='ltr'>enim</span> <span class='ocrx_word' id='word_1_25' title='bbox 788 1115 874 1177; x_wconf 81' lang='lat' dir='ltr'>potest</span> <span class='ocrx_word' id='word_1_26' title='bbox 884 1099 964 1154; x_wconf 73' lang='lat' dir='ltr'>ridmi</span> <span class='ocrx_word' id='word_1_27' title='bbox 977 1107 1039 1150; x_wconf 80' lang='lat' dir='ltr'>tuuc</span> <span class='ocrx_word' id='word_1_28' title='bbox 1060 1100 1146 1160; x_wconf 79' lang='lat' dir='ltr'>coepta</span> <span class='ocrx_word' id='word_1_29' title='bbox 1159 1104 1219 1144; x_wconf 85' lang='lat' dir='ltr'>esse</span> <span class='ocrx_word' id='word_1_30' title='bbox 1232 1099 1427 1158; x_wconf 86' lang='lat' dir='ltr'>tenrporo‚cum</span> 
     </span>
     <span class='ocr_line' id='line_1_4' title="bbox 645 1180 1428 1259; baseline -0.024 -4"><span class='ocrx_word' id='word_1_31' title='bbox 645 1204 742 1259; x_wconf 70' lang='lat' dir='ltr'>colum</span> <span class='ocrx_word' id='word_1_32' title='bbox 760 1208 788 1253; x_wconf 84' lang='lat' dir='ltr'>et</span> <span class='ocrx_word' id='word_1_33' title='bbox 806 1192 940 1250; x_wconf 77' lang='lat' dir='ltr'>lurninaria</span> <span class='ocrx_word' id='word_1_34' title='bbox 960 1184 1020 1242; x_wconf 74' lang='lat' dir='ltr'>coli</span> <span class='ocrx_word' id='word_1_35' title='bbox 1031 1180 1159 1238; x_wconf 80' lang='lat' dir='ltr'>ordinatis</span> <span class='ocrx_word' id='word_1_36' title='bbox 1172 1180 1309 1235; x_wconf 71' lang='lat' dir='ltr'>itineribus</span> <span class='ocrx_word' id='word_1_37' title='bbox 1320 1195 1428 1236; x_wconf 85' lang='lat' dir='ltr'>currere</span> 
     </span>
     <span class='ocr_line' id='line_1_5' title="bbox 706 1269 1428 1354; baseline -0.006 -24"><span class='ocrx_word' id='word_1_38' title='bbox 706 1297 786 1348; x_wconf 57' lang='lat' dir='ltr'>mg</span> <span class='ocrx_word' id='word_1_39' title='bbox 807 1306 815 1342; x_wconf 89' lang='lat'>:</span> <span class='ocrx_word' id='word_1_40' title='bbox 834 1281 904 1354; x_wconf 77' lang='lat' dir='ltr'>quod</span> <span class='ocrx_word' id='word_1_41' title='bbox 924 1278 948 1334; x_wconf 82' lang='lat' dir='ltr'>si</span> <span class='ocrx_word' id='word_1_42' title='bbox 964 1289 1053 1331; x_wconf 81' lang='lat' dir='ltr'>remur</span> <span class='ocrx_word' id='word_1_43' title='bbox 1068 1279 1126 1336; x_wconf 82' lang='lat' dir='ltr'>est,</span> <span class='ocrx_word' id='word_1_44' title='bbox 1140 1269 1273 1340; x_wconf 87' lang='lat' dir='ltr'>quomodo</span> <span class='ocrx_word' id='word_1_45' title='bbox 1287 1278 1428 1340; x_wconf 89' lang='lat' dir='ltr'>potuerunt</span> 
     </span>
     <span class='ocr_line' id='line_1_6' title="bbox 643 1311 1426 1444; baseline -0.006 -22"><span class='ocrx_word' id='word_1_46' title='bbox 643 1311 712 1444; x_wconf 46' lang='lat' dir='ltr'>{w</span> <span class='ocrx_word' id='word_1_47' title='bbox 720 1397 778 1440; x_wconf 63' lang='lat' dir='ltr'>„ge</span> <span class='ocrx_word' id='word_1_48' title='bbox 793 1386 931 1443; x_wconf 59' lang='lat' dir='ltr'>autequam</span> <span class='ocrx_word' id='word_1_49' title='bbox 945 1377 1047 1435; x_wconf 87' lang='lat' dir='ltr'>tempus</span> <span class='ocrx_word' id='word_1_50' title='bbox 1060 1371 1147 1428; x_wconf 88' lang='lat' dir='ltr'>esset,</span> <span class='ocrx_word' id='word_1_51' title='bbox 1161 1361 1182 1416; x_wconf 90' lang='lat' dir='ltr'>si</span> <span class='ocrx_word' id='word_1_52' title='bbox 1195 1376 1210 1414; x_wconf 92' lang='lat' dir='ltr'>a</span> <span class='ocrx_word' id='word_1_53' title='bbox 1221 1376 1301 1415; x_wconf 90' lang='lat' dir='ltr'>cursu</span> <span class='ocrx_word' id='word_1_54' title='bbox 1314 1359 1426 1416; x_wconf 86' lang='lat' dir='ltr'>inurina-</span> 
     </span>
     <span class='ocr_line' id='line_1_7' title="bbox 658 1403 1426 1538; baseline 0.018 -46"><span class='ocrx_word' id='word_1_55' title='bbox 658 1403 710 1531; x_wconf 55' lang='grc' dir='ltr'>.Ιί</span> <span class='ocrx_word' id='word_1_56' title='bbox 732 1480 833 1538; x_wconf 52' lang='lat' dir='ltr'>[empus</span> <span class='ocrx_word' id='word_1_57' title='bbox 853 1474 975 1519; x_wconf 78' lang='lat' dir='ltr'>exorsum</span> <span class='ocrx_word' id='word_1_58' title='bbox 997 1464 1054 1520; x_wconf 81' lang='lat' dir='ltr'>est,</span> <span class='ocrx_word' id='word_1_59' title='bbox 1071 1468 1130 1524; x_wconf 80' lang='lat' dir='ltr'>quae</span> <span class='ocrx_word' id='word_1_60' title='bbox 1143 1460 1237 1523; x_wconf 88' lang='lat' dir='ltr'>quarto</span> <span class='ocrx_word' id='word_1_61' title='bbox 1249 1450 1291 1506; x_wconf 90' lang='lat' dir='ltr'>die</span> <span class='ocrx_word' id='word_1_62' title='bbox 1302 1450 1426 1506; x_wconf 90' lang='lat' dir='ltr'>dicuntur</span> 
     </span>
     <span class='ocr_line' id='line_1_8' title="bbox 642 1495 1424 1625; baseline -0.026 -8"><span class='ocrx_word' id='word_1_63' title='bbox 642 1495 800 1625; x_wconf 51' lang='grc' dir='ltr'><strong>ᾙοιιιιιι</strong></span> <span class='ocrx_word' id='word_1_64' title='bbox 813 1559 852 1612; x_wconf 78' lang='lat' dir='ltr'>An</span> <span class='ocrx_word' id='word_1_65' title='bbox 863 1554 912 1608; x_wconf 79' lang='lat' dir='ltr'>ista</span> <span class='ocrx_word' id='word_1_66' title='bbox 924 1551 1027 1605; x_wconf 90' lang='lat' dir='ltr'>dierum</span> <span class='ocrx_word' id='word_1_67' title='bbox 1037 1546 1149 1617; x_wconf 86' lang='lat' dir='ltr'>digestio</span> <span class='ocrx_word' id='word_1_68' title='bbox 1158 1543 1303 1599; x_wconf 88' lang='lat' dir='ltr'>secundum</span> <span class='ocrx_word' id='word_1_69' title='bbox 1313 1557 1424 1598; x_wconf 89' lang='lat' dir='ltr'>eonsue-</span> 
     </span>
     <span class='ocr_line' id='line_1_9' title="bbox 640 1635 1426 1740; baseline -0.032 -27"><span class='ocrx_word' id='word_1_70' title='bbox 640 1659 755 1715; x_wconf 84' lang='lat' dir='ltr'>tudinem</span> <span class='ocrx_word' id='word_1_71' title='bbox 776 1649 897 1704; x_wconf 81' lang='lat' dir='ltr'>hurnatue</span> <span class='ocrx_word' id='word_1_72' title='bbox 917 1640 1066 1714; x_wconf 80' lang='lat' dir='ltr'>tragilitatis</span> <span class='ocrx_word' id='word_1_73' title='bbox 1084 1636 1205 1692; x_wconf 81' lang='lat' dir='ltr'>ordinata</span> <span class='ocrx_word' id='word_1_74' title='bbox 1226 1644 1267 1690; x_wconf 87' lang='lat' dir='ltr'>est</span> <span class='ocrx_word' id='word_1_75' title='bbox 1288 1635 1346 1740; x_wconf 83' lang='lat' dir='ltr'>lege</span> <span class='ocrx_word' id='word_1_76' title='bbox 1363 1650 1426 1689; x_wconf 91' lang='lat' dir='ltr'>nar·</span> 
     </span>
     <span class='ocr_line' id='line_1_10' title="bbox 638 1727 1423 1804; baseline -0.023 -4"><span class='ocrx_word' id='word_1_77' title='bbox 638 1747 712 1804; x_wconf 86' lang='lat' dir='ltr'>randi</span> <span class='ocrx_word' id='word_1_78' title='bbox 726 1753 752 1800; x_wconf 86' lang='lat' dir='ltr'>et</span> <span class='ocrx_word' id='word_1_79' title='bbox 767 1738 910 1795; x_wconf 81' lang='lat' dir='ltr'>humilibus</span> <span class='ocrx_word' id='word_1_80' title='bbox 924 1733 1057 1789; x_wconf 85' lang='lat' dir='ltr'>humiliter</span> <span class='ocrx_word' id='word_1_81' title='bbox 1067 1727 1216 1786; x_wconf 82' lang='lat' dir='ltr'>insinuandi</span> <span class='ocrx_word' id='word_1_82' title='bbox 1229 1728 1360 1792; x_wconf 82' lang='lat' dir='ltr'>sublimia,</span> <span class='ocrx_word' id='word_1_83' title='bbox 1371 1743 1423 1798; x_wconf 81' lang='lat' dir='ltr'>qua</span> 
     </span>
     <span class='ocr_line' id='line_1_11' title="bbox 636 1818 1422 1919; baseline -0.023 -30"><span class='ocrx_word' id='word_1_84' title='bbox 636 1847 664 1894; x_wconf 79' lang='grc' dir='ltr'>ιι</span> <span class='ocrx_word' id='word_1_85' title='bbox 685 1838 740 1904; x_wconf 83' lang='lat' dir='ltr'>ipse</span> <span class='ocrx_word' id='word_1_86' title='bbox 754 1843 842 1886; x_wconf 87' lang='lat' dir='ltr'>sermo</span> <span class='ocrx_word' id='word_1_87' title='bbox 855 1824 986 1880; x_wconf 85' lang='lat' dir='ltr'>narrantis</span> <span class='ocrx_word' id='word_1_88' title='bbox 999 1837 1051 1877; x_wconf 93' lang='lat' dir='ltr'>non</span> <span class='ocrx_word' id='word_1_89' title='bbox 1065 1828 1151 1891; x_wconf 86' lang='lat' dir='ltr'>potest</span> <span class='ocrx_word' id='word_1_90' title='bbox 1164 1819 1213 1873; x_wconf 91' lang='lat' dir='ltr'>nisi</span> <span class='ocrx_word' id='word_1_91' title='bbox 1228 1818 1314 1888; x_wconf 75' lang='lat' dir='ltr'>aliqua</span> <span class='ocrx_word' id='word_1_92' title='bbox 1325 1818 1422 1919; x_wconf 78' lang='lat' dir='ltr'>babere</span> 
     </span>
     <span class='ocr_line' id='line_1_12' title="bbox 636 1909 1422 2013; baseline -0.022 -32"><span class='ocrx_word' id='word_1_93' title='bbox 636 1937 662 1983; x_wconf 87' lang='lat' dir='ltr'>ct</span> <span class='ocrx_word' id='word_1_94' title='bbox 685 1926 767 1994; x_wconf 83' lang='lat' dir='ltr'>prima</span> <span class='ocrx_word' id='word_1_95' title='bbox 786 1930 812 1974; x_wconf 90' lang='lat' dir='ltr'>et</span> <span class='ocrx_word' id='word_1_96' title='bbox 833 1917 918 1972; x_wconf 87' lang='lat' dir='ltr'>media</span> <span class='ocrx_word' id='word_1_97' title='bbox 931 1923 958 1970; x_wconf 93' lang='lat' dir='ltr'>et</span> <span class='ocrx_word' id='word_1_98' title='bbox 971 1913 1082 1968; x_wconf 78' lang='lat' dir='ltr'>ultima?</span> <span class='ocrx_word' id='word_1_99' title='bbox 1097 1913 1137 1966; x_wconf 76' lang='lat' dir='ltr'>bn</span> <span class='ocrx_word' id='word_1_100' title='bbox 1151 1911 1177 1965; x_wconf 92' lang='lat' dir='ltr'>in</span> <span class='ocrx_word' id='word_1_101' title='bbox 1191 1909 1352 1980; x_wconf 87' lang='lat' dir='ltr'>temporibus</span> <span class='ocrx_word' id='word_1_102' title='bbox 1364 1916 1422 2013; x_wconf 73' lang='lat' dir='ltr'>rstts</span> 
     </span>
     <span class='ocr_line' id='line_1_13' title="bbox 636 2002 1421 2105; baseline -0.019 -34"><span class='ocrx_word' id='word_1_103' title='bbox 636 2017 734 2072; x_wconf 90' lang='lat' dir='ltr'>dictum</span> <span class='ocrx_word' id='word_1_104' title='bbox 747 2020 787 2066; x_wconf 84' lang='lat' dir='ltr'>est</span> <span class='ocrx_word' id='word_1_105' title='bbox 801 2018 829 2062; x_wconf 91' lang='lat' dir='ltr'>ut</span> <span class='ocrx_word' id='word_1_106' title='bbox 840 2016 929 2062; x_wconf 89' lang='lat' dir='ltr'>essent</span> <span class='ocrx_word' id='word_1_107' title='bbox 940 2005 1089 2068; x_wconf 83' lang='lat' dir='ltr'>luminaria,</span> <span class='ocrx_word' id='word_1_108' title='bbox 1101 2018 1159 2073; x_wconf 77' lang='lat' dir='ltr'>qun</span> <span class='ocrx_word' id='word_1_109' title='bbox 1171 2011 1289 2072; x_wconf 87' lang='lat' dir='ltr'>temporo</span> <span class='ocrx_word' id='word_1_110' title='bbox 1300 2002 1421 2105; x_wconf 82' lang='lat' dir='ltr'>homiues</span> 
     </span>
     <span class='ocr_line' id='line_1_14' title="bbox 635 2092 1421 2164; baseline -0.02 -2"><span class='ocrx_word' id='word_1_111' title='bbox 635 2104 782 2162; x_wconf 83' lang='lat' dir='ltr'>interuallis</span> <span class='ocrx_word' id='word_1_112' title='bbox 804 2113 937 2154; x_wconf 87' lang='lat' dir='ltr'>morarum</span> <span class='ocrx_word' id='word_1_113' title='bbox 952 2097 978 2150; x_wconf 93' lang='lat' dir='ltr'>in</span> <span class='ocrx_word' id='word_1_114' title='bbox 992 2095 1112 2164; x_wconf 87' lang='lat' dir='ltr'>corporis</span> <span class='ocrx_word' id='word_1_115' title='bbox 1127 2094 1242 2154; x_wconf 87' lang='lat' dir='ltr'>motione</span> <span class='ocrx_word' id='word_1_116' title='bbox 1256 2092 1421 2148; x_wconf 73' lang='lat' dir='ltr'>metiuntur?</span> 
     </span>
     <span class='ocr_line' id='line_1_15' title="bbox 634 2184 1418 2283; baseline -0.02 -32"><span class='ocrx_word' id='word_1_117' title='bbox 634 2195 696 2251; x_wconf 81' lang='lat' dir='ltr'>llue</span> <span class='ocrx_word' id='word_1_118' title='bbox 710 2192 780 2248; x_wconf 89' lang='lat' dir='ltr'>euim</span> <span class='ocrx_word' id='word_1_119' title='bbox 796 2199 929 2257; x_wconf 81' lang='lat' dir='ltr'>tempora,</span> <span class='ocrx_word' id='word_1_120' title='bbox 943 2185 965 2239; x_wconf 89' lang='lat' dir='ltr'>si</span> <span class='ocrx_word' id='word_1_121' title='bbox 981 2184 1067 2238; x_wconf 92' lang='lat' dir='ltr'>nullus</span> <span class='ocrx_word' id='word_1_122' title='bbox 1080 2192 1168 2238; x_wconf 88' lang='lat' dir='ltr'>motus</span> <span class='ocrx_word' id='word_1_123' title='bbox 1178 2197 1317 2283; x_wconf 83' lang='lat' dir='ltr'>eorpomm</span> <span class='ocrx_word' id='word_1_124' title='bbox 1331 2191 1418 2282; x_wconf 78' lang='lat' dir='ltr'>esset,</span> 
     </span>
     <span class='ocr_line' id='line_1_16' title="bbox 631 2271 1417 2346; baseline -0.019 -6"><span class='ocrx_word' id='word_1_125' title='bbox 631 2285 703 2341; x_wconf 91' lang='lat' dir='ltr'>nulla</span> <span class='ocrx_word' id='word_1_126' title='bbox 728 2288 836 2342; x_wconf 83' lang='lat' dir='ltr'>esseut,</span> <span class='ocrx_word' id='word_1_127' title='bbox 860 2286 886 2331; x_wconf 91' lang='grc' dir='ltr'>ιι</span> <span class='ocrx_word' id='word_1_128' title='bbox 907 2276 964 2346; x_wconf 90' lang='lat' dir='ltr'>ipsa</span> <span class='ocrx_word' id='word_1_129' title='bbox 985 2283 1047 2329; x_wconf 89' lang='lat' dir='ltr'>suut</span> <span class='ocrx_word' id='word_1_130' title='bbox 1065 2272 1215 2326; x_wconf 82' lang='lat' dir='ltr'>homiuibus</span> <span class='ocrx_word' id='word_1_131' title='bbox 1229 2271 1417 2326; x_wconf 85' lang='lat' dir='ltr'>marulcstrom.</span> 
     </span>
     <span class='ocr_line' id='line_1_17' title="bbox 631 2366 1419 2466; baseline -0.018 -35"><span class='ocrx_word' id='word_1_132' title='bbox 631 2376 706 2446; x_wconf 76' lang='lat' dir='ltr'>Quod</span> <span class='ocrx_word' id='word_1_133' title='bbox 729 2374 752 2428; x_wconf 86' lang='lat' dir='ltr'>si</span> <span class='ocrx_word' id='word_1_134' title='bbox 773 2372 954 2435; x_wconf 81' lang='lat' dir='ltr'>admittimus,</span> <span class='ocrx_word' id='word_1_135' title='bbox 976 2366 1148 2437; x_wconf 72' lang='lat' dir='ltr'>querendum</span> <span class='ocrx_word' id='word_1_136' title='bbox 1169 2374 1308 2466; x_wconf 70' lang='lat' dir='ltr'>cstutrnnt</span> <span class='ocrx_word' id='word_1_137' title='bbox 1323 2372 1419 2433; x_wconf 73' lang='lat' dir='ltr'>preter</span> 
     </span>
     <span class='ocr_line' id='line_1_18' title="bbox 632 2456 1419 2530; baseline -0.019 -8"><span class='ocrx_word' id='word_1_138' title='bbox 632 2476 731 2523; x_wconf 90' lang='lat' dir='ltr'>motum</span> <span class='ocrx_word' id='word_1_139' title='bbox 742 2477 883 2530; x_wconf 85' lang='lat' dir='ltr'>corporum</span> <span class='ocrx_word' id='word_1_140' title='bbox 894 2460 978 2529; x_wconf 78' lang='lat' dir='ltr'>possit</span> <span class='ocrx_word' id='word_1_141' title='bbox 987 2472 1048 2512; x_wconf 66' lang='lat' dir='ltr'>esse</span> <span class='ocrx_word' id='word_1_142' title='bbox 1060 2465 1164 2526; x_wconf 91' lang='lat' dir='ltr'>tempus</span> <span class='ocrx_word' id='word_1_143' title='bbox 1174 2456 1201 2509; x_wconf 92' lang='lat' dir='ltr'>in</span> <span class='ocrx_word' id='word_1_144' title='bbox 1212 2464 1284 2510; x_wconf 91' lang='lat' dir='ltr'>utotu</span> <span class='ocrx_word' id='word_1_145' title='bbox 1296 2470 1419 2524; x_wconf 82' lang='lat' dir='ltr'>incorpo-</span> 
     </span>
     <span class='ocr_line' id='line_1_19' title="bbox 630 2545 1417 2646; baseline -0.014 -34"><span class='ocrx_word' id='word_1_146' title='bbox 630 2573 684 2613; x_wconf 66' lang='lat' dir='ltr'>reae</span> <span class='ocrx_word' id='word_1_147' title='bbox 705 2560 850 2617; x_wconf 75' lang='lat' dir='ltr'>creature,</span> <span class='ocrx_word' id='word_1_148' title='bbox 870 2549 950 2604; x_wconf 76' lang='lat' dir='ltr'>veluti</span> <span class='ocrx_word' id='word_1_149' title='bbox 971 2558 1013 2603; x_wconf 87' lang='lat' dir='ltr'>est</span> <span class='ocrx_word' id='word_1_150' title='bbox 1024 2547 1111 2601; x_wconf 87' lang='lat' dir='ltr'>anima</span> <span class='ocrx_word' id='word_1_151' title='bbox 1126 2547 1166 2601; x_wconf 81' lang='lat' dir='ltr'>rel</span> <span class='ocrx_word' id='word_1_152' title='bbox 1181 2545 1235 2615; x_wconf 91' lang='lat' dir='ltr'>ipsa</span> <span class='ocrx_word' id='word_1_153' title='bbox 1251 2561 1325 2600; x_wconf 89' lang='lat' dir='ltr'>mens</span> <span class='ocrx_word' id='word_1_154' title='bbox 1337 2563 1344 2611; x_wconf 91' lang='lat'>;</span> <span class='ocrx_word' id='word_1_155' title='bbox 1357 2562 1417 2646; x_wconf 72' lang='lat' dir='ltr'>quot</span> 
     </span>
     <span class='ocr_line' id='line_1_20' title="bbox 630 2636 1416 2738; baseline -0.013 -38"><span class='ocrx_word' id='word_1_156' title='bbox 630 2647 719 2715; x_wconf 88' lang='lat' dir='ltr'>utique</span> <span class='ocrx_word' id='word_1_157' title='bbox 737 2643 763 2696; x_wconf 91' lang='lat' dir='ltr'>iu</span> <span class='ocrx_word' id='word_1_158' title='bbox 784 2640 987 2710; x_wconf 82' lang='lat' dir='ltr'>cogitationibus</span> <span class='ocrx_word' id='word_1_159' title='bbox 1001 2645 1137 2695; x_wconf 89' lang='lat' dir='ltr'>moretur.</span> <span class='ocrx_word' id='word_1_160' title='bbox 1153 2644 1180 2691; x_wconf 92' lang='lat' dir='ltr'>et</span> <span class='ocrx_word' id='word_1_161' title='bbox 1191 2636 1248 2706; x_wconf 90' lang='lat' dir='ltr'>ipso</span> <span class='ocrx_word' id='word_1_162' title='bbox 1261 2645 1333 2738; x_wconf 77' lang='lat' dir='ltr'>urotu</span> <span class='ocrx_word' id='word_1_163' title='bbox 1345 2636 1416 2690; x_wconf 82' lang='lat' dir='ltr'>aluid</span> 
     </span>
     <span class='ocr_line' id='line_1_21' title="bbox 629 2727 1415 2828; baseline -0.013 -37"><span class='ocrx_word' id='word_1_164' title='bbox 629 2737 707 2791; x_wconf 86' lang='lat' dir='ltr'>babet</span> <span class='ocrx_word' id='word_1_165' title='bbox 728 2732 819 2803; x_wconf 85' lang='lat' dir='ltr'>prius,</span> <span class='ocrx_word' id='word_1_166' title='bbox 842 2728 914 2784; x_wconf 84' lang='lat' dir='ltr'>aliud</span> <span class='ocrx_word' id='word_1_167' title='bbox 935 2728 1084 2798; x_wconf 74' lang='lat' dir='ltr'>posterius,</span> <span class='ocrx_word' id='word_1_168' title='bbox 1107 2728 1178 2797; x_wconf 87' lang='lat' dir='ltr'>quod</span> <span class='ocrx_word' id='word_1_169' title='bbox 1198 2728 1256 2782; x_wconf 87' lang='lat' dir='ltr'>siue</span> <span class='ocrx_word' id='word_1_170' title='bbox 1277 2727 1415 2828; x_wconf 79' lang='lat' dir='ltr'>intervallo</span> 
     </span>
     <span class='ocr_line' id='line_1_22' title="bbox 628 2817 1413 2895; baseline -0.017 -12"><span class='ocrx_word' id='word_1_171' title='bbox 628 2824 754 2895; x_wconf 85' lang='lat' dir='ltr'>terupuris</span> <span class='ocrx_word' id='word_1_172' title='bbox 777 2820 887 2890; x_wconf 85' lang='lat' dir='ltr'>intelligi</span> <span class='ocrx_word' id='word_1_173' title='bbox 912 2835 964 2874; x_wconf 87' lang='lat' dir='ltr'>nun</span> <span class='ocrx_word' id='word_1_174' title='bbox 988 2827 1083 2888; x_wconf 90' lang='lat' dir='ltr'>potest.</span> <span class='ocrx_word' id='word_1_175' title='bbox 1108 2817 1184 2883; x_wconf 79' lang='lat' dir='ltr'>Quot</span> <span class='ocrx_word' id='word_1_176' title='bbox 1207 2817 1230 2872; x_wconf 82' lang='lat' dir='ltr'>sl</span> <span class='ocrx_word' id='word_1_177' title='bbox 1251 2831 1413 2886; x_wconf 82' lang='lat' dir='ltr'>accipimus,</span> 
     </span>
     <span class='ocr_line' id='line_1_23' title="bbox 625 2910 1414 2980; baseline -0.008 -9"><span class='ocrx_word' id='word_1_178' title='bbox 625 2917 705 2973; x_wconf 85' lang='lat' dir='ltr'>etium</span> <span class='ocrx_word' id='word_1_179' title='bbox 726 2923 787 2967; x_wconf 88' lang='lat' dir='ltr'>ante</span> <span class='ocrx_word' id='word_1_180' title='bbox 810 2912 907 2966; x_wconf 84' lang='lat' dir='ltr'>cudunt</span> <span class='ocrx_word' id='word_1_181' title='bbox 927 2919 953 2965; x_wconf 88' lang='lat' dir='ltr'>ct</span> <span class='ocrx_word' id='word_1_182' title='bbox 968 2920 1064 2965; x_wconf 81' lang='lat' dir='ltr'>terrain</span> <span class='ocrx_word' id='word_1_183' title='bbox 1085 2919 1172 2980; x_wconf 88' lang='lat' dir='ltr'>potest</span> <span class='ocrx_word' id='word_1_184' title='bbox 1189 2910 1296 2979; x_wconf 88' lang='lat' dir='ltr'>intelligi</span> <span class='ocrx_word' id='word_1_185' title='bbox 1311 2919 1414 2979; x_wconf 89' lang='lat' dir='ltr'>tempus</span> 
     </span>
     <span class='ocr_line' id='line_1_24' title="bbox 627 2999 1414 3069; baseline -0.01 -8"><span class='ocrx_word' id='word_1_186' title='bbox 627 3007 719 3068; x_wconf 87' lang='lat' dir='ltr'>luisse,</span> <span class='ocrx_word' id='word_1_187' title='bbox 733 3004 754 3058; x_wconf 93' lang='lat' dir='ltr'>si</span> <span class='ocrx_word' id='word_1_188' title='bbox 765 3012 827 3056; x_wconf 89' lang='grc' dir='ltr'><strong>ιιιιι</strong></span> <span class='ocrx_word' id='word_1_189' title='bbox 838 3002 934 3056; x_wconf 83' lang='lat' dir='ltr'>eoelum</span> <span class='ocrx_word' id='word_1_190' title='bbox 946 3010 973 3056; x_wconf 89' lang='lat' dir='ltr'>et</span> <span class='ocrx_word' id='word_1_191' title='bbox 985 3010 1081 3055; x_wconf 77' lang='lat' dir='ltr'>termut</span> <span class='ocrx_word' id='word_1_192' title='bbox 1095 2999 1154 3052; x_wconf 81' lang='lat' dir='ltr'>lacti</span> <span class='ocrx_word' id='word_1_193' title='bbox 1164 3009 1227 3054; x_wconf 90' lang='lat' dir='ltr'>sunt</span> <span class='ocrx_word' id='word_1_194' title='bbox 1236 3000 1339 3069; x_wconf 75' lang='lat' dir='ltr'>Angeli.</span> <span class='ocrx_word' id='word_1_195' title='bbox 1351 3000 1414 3054; x_wconf 82' lang='lat' dir='ltr'>Erat</span> 
     </span>
     <span class='ocr_line' id='line_1_25' title="bbox 625 3090 1413 3163; baseline -0.005 -14"><span class='ocrx_word' id='word_1_196' title='bbox 625 3095 696 3150; x_wconf 89' lang='lat' dir='ltr'>enim</span> <span class='ocrx_word' id='word_1_197' title='bbox 717 3094 772 3163; x_wconf 78' lang='lat' dir='ltr'>jam</span> <span class='ocrx_word' id='word_1_198' title='bbox 795 3100 914 3146; x_wconf 88' lang='lat' dir='ltr'>creatura</span> <span class='ocrx_word' id='word_1_199' title='bbox 934 3106 994 3160; x_wconf 76' lang='lat' dir='ltr'>qun</span> <span class='ocrx_word' id='word_1_200' title='bbox 1007 3091 1123 3144; x_wconf 87' lang='lat' dir='ltr'>motibus</span> <span class='ocrx_word' id='word_1_201' title='bbox 1135 3090 1297 3159; x_wconf 81' lang='lat' dir='ltr'>incorporeis</span> <span class='ocrx_word' id='word_1_202' title='bbox 1311 3100 1413 3160; x_wconf 88' lang='lat' dir='ltr'>tempus</span> 
     </span>
     <span class='ocr_line' id='line_1_26' title="bbox 625 3180 1413 3284; baseline -0.004 -44"><span class='ocrx_word' id='word_1_203' title='bbox 625 3193 715 3256; x_wconf 80' lang='lat' dir='ltr'>ogeret</span> <span class='ocrx_word' id='word_1_204' title='bbox 738 3200 744 3239; x_wconf 94' lang='lat'>:</span> <span class='ocrx_word' id='word_1_205' title='bbox 767 3193 794 3237; x_wconf 91' lang='lat' dir='ltr'>et</span> <span class='ocrx_word' id='word_1_206' title='bbox 815 3193 886 3237; x_wconf 88' lang='lat' dir='ltr'>reete</span> <span class='ocrx_word' id='word_1_207' title='bbox 909 3182 1061 3250; x_wconf 84' lang='lat' dir='ltr'>intelligitur</span> <span class='ocrx_word' id='word_1_208' title='bbox 1082 3194 1142 3235; x_wconf 92' lang='lat' dir='ltr'>eum</span> <span class='ocrx_word' id='word_1_209' title='bbox 1161 3180 1296 3235; x_wconf 84' lang='lat' dir='ltr'>illuetiam</span> <span class='ocrx_word' id='word_1_210' title='bbox 1310 3191 1413 3284; x_wconf 78' lang='lat' dir='ltr'>tempus</span> 
     </span>
     <span class='ocr_line' id='line_1_27' title="bbox 624 3274 1412 3374; baseline -0.011 -42"><span class='ocrx_word' id='word_1_211' title='bbox 624 3290 700 3341; x_wconf 82' lang='lat' dir='ltr'>esse,</span> <span class='ocrx_word' id='word_1_212' title='bbox 713 3284 741 3328; x_wconf 92' lang='lat' dir='ltr'>ut</span> <span class='ocrx_word' id='word_1_213' title='bbox 754 3274 780 3327; x_wconf 93' lang='lat' dir='ltr'>iu</span> <span class='ocrx_word' id='word_1_214' title='bbox 794 3274 881 3327; x_wconf 83' lang='lat' dir='ltr'>anima</span> <span class='ocrx_word' id='word_1_215' title='bbox 893 3287 952 3342; x_wconf 74' lang='lat' dir='ltr'>qun</span> <span class='ocrx_word' id='word_1_216' title='bbox 966 3286 1012 3340; x_wconf 93' lang='lat' dir='ltr'>per</span> <span class='ocrx_word' id='word_1_217' title='bbox 1019 3285 1161 3339; x_wconf 86' lang='lat' dir='ltr'>corporeos</span> <span class='ocrx_word' id='word_1_218' title='bbox 1171 3286 1266 3326; x_wconf 85' lang='lat' dir='ltr'>sensus</span> <span class='ocrx_word' id='word_1_219' title='bbox 1276 3286 1412 3374; x_wconf 78' lang='lat' dir='ltr'>corporeis</span> 
     </span>
     <span class='ocr_line' id='line_1_28' title="bbox 624 3361 1411 3430; baseline -0.008 -8"><span class='ocrx_word' id='word_1_220' title='bbox 624 3365 738 3422; x_wconf 87' lang='lat' dir='ltr'>mutibus</span> <span class='ocrx_word' id='word_1_221' title='bbox 756 3364 903 3417; x_wconf 78' lang='lat' dir='ltr'>assuefacta</span> <span class='ocrx_word' id='word_1_222' title='bbox 924 3370 975 3415; x_wconf 89' lang='lat' dir='ltr'>cst.</span> <span class='ocrx_word' id='word_1_223' title='bbox 989 3361 1042 3414; x_wconf 77' lang='lat' dir='ltr'>Sed</span> <span class='ocrx_word' id='word_1_224' title='bbox 1057 3361 1168 3415; x_wconf 83' lang='lat' dir='ltr'>sortasse</span> <span class='ocrx_word' id='word_1_225' title='bbox 1181 3375 1234 3414; x_wconf 91' lang='lat' dir='ltr'>non</span> <span class='ocrx_word' id='word_1_226' title='bbox 1247 3370 1288 3415; x_wconf 91' lang='lat' dir='ltr'>cst</span> <span class='ocrx_word' id='word_1_227' title='bbox 1300 3378 1325 3415; x_wconf 89' lang='lat' dir='ltr'>ru</span> <span class='ocrx_word' id='word_1_228' title='bbox 1341 3379 1411 3430; x_wconf 77' lang='lat' dir='ltr'>prtu-</span> 
     </span>
     <span class='ocr_line' id='line_1_29' title="bbox 623 3451 1411 3526; baseline -0.003 -15"><span class='ocrx_word' id='word_1_229' title='bbox 623 3455 725 3526; x_wconf 88' lang='lat' dir='ltr'>cipibus</span> <span class='ocrx_word' id='word_1_230' title='bbox 746 3459 773 3507; x_wconf 88' lang='lat' dir='ltr'>et</span> <span class='ocrx_word' id='word_1_231' title='bbox 795 3452 923 3506; x_wconf 77' lang='lat' dir='ltr'>creaturis</span> <span class='ocrx_word' id='word_1_232' title='bbox 942 3451 1207 3520; x_wconf 89' lang='lat' dir='ltr'>supereminentibus.</span> <span class='ocrx_word' id='word_1_233' title='bbox 1229 3451 1281 3507; x_wconf 84' lang='lat' dir='ltr'>Sed</span> <span class='ocrx_word' id='word_1_234' title='bbox 1304 3469 1411 3523; x_wconf 91' lang='lat' dir='ltr'>quoquo</span> 
     </span>
     <span class='ocr_line' id='line_1_30' title="bbox 622 3541 1409 3608; baseline -0.004 -6"><span class='ocrx_word' id='word_1_235' title='bbox 622 3545 703 3602; x_wconf 79' lang='lat' dir='ltr'>modo</span> <span class='ocrx_word' id='word_1_236' title='bbox 716 3544 766 3597; x_wconf 87' lang='lat' dir='ltr'>boc</span> <span class='ocrx_word' id='word_1_237' title='bbox 777 3557 806 3596; x_wconf 90' lang='lat' dir='ltr'>se</span> <span class='ocrx_word' id='word_1_238' title='bbox 818 3541 913 3595; x_wconf 84' lang='lat' dir='ltr'>babeat</span> <span class='ocrx_word' id='word_1_239' title='bbox 925 3541 978 3608; x_wconf 76' lang='lat' dir='ltr'>(res</span> <span class='ocrx_word' id='word_1_240' title='bbox 990 3541 1061 3595; x_wconf 90' lang='lat' dir='ltr'>euim</span> <span class='ocrx_word' id='word_1_241' title='bbox 1074 3541 1251 3596; x_wconf 85' lang='lat' dir='ltr'>secretissima</span> <span class='ocrx_word' id='word_1_242' title='bbox 1261 3552 1313 3608; x_wconf 90' lang='lat' dir='ltr'>est,</span> <span class='ocrx_word' id='word_1_243' title='bbox 1323 3554 1350 3598; x_wconf 90' lang='grc' dir='ltr'>ιι</span> <span class='ocrx_word' id='word_1_244' title='bbox 1361 3544 1409 3599; x_wconf 87' lang='lat' dir='ltr'>ltu-</span> 
     </span>
     <span class='ocr_line' id='line_1_31' title="bbox 624 3631 1408 3702; baseline -0.001 -10"><span class='ocrx_word' id='word_1_245' title='bbox 624 3635 711 3692; x_wconf 88' lang='lat' dir='ltr'>maois</span> <span class='ocrx_word' id='word_1_246' title='bbox 734 3631 894 3702; x_wconf 88' lang='lat' dir='ltr'>conjecturis</span> <span class='ocrx_word' id='word_1_247' title='bbox 917 3632 1153 3701; x_wconf 75' lang='lat' dir='ltr'>impenetrabilis),</span> <span class='ocrx_word' id='word_1_248' title='bbox 1175 3633 1240 3688; x_wconf 92' lang='lat' dir='ltr'>illud</span> <span class='ocrx_word' id='word_1_249' title='bbox 1252 3646 1325 3692; x_wconf 85' lang='lat' dir='ltr'>certe</span> <span class='ocrx_word' id='word_1_250' title='bbox 1337 3638 1408 3691; x_wconf 90' lang='lat' dir='ltr'>acci-</span> 
     </span>
     <span class='ocr_line' id='line_1_32' title="bbox 620 3721 1407 3799; baseline 0.011 -26"><span class='ocrx_word' id='word_1_251' title='bbox 620 3723 745 3799; x_wconf 80' lang='lat' dir='ltr'>piendum</span> <span class='ocrx_word' id='word_1_252' title='bbox 755 3731 795 3776; x_wconf 87' lang='lat' dir='ltr'>est</span> <span class='ocrx_word' id='word_1_253' title='bbox 809 3722 835 3774; x_wconf 91' lang='lat' dir='ltr'>in</span> <span class='ocrx_word' id='word_1_254' title='bbox 847 3721 913 3787; x_wconf 85' lang='lat' dir='ltr'>lide,</span> <span class='ocrx_word' id='word_1_255' title='bbox 924 3722 1028 3776; x_wconf 87' lang='lat' dir='ltr'>etiamsi</span> <span class='ocrx_word' id='word_1_256' title='bbox 1040 3722 1146 3777; x_wconf 89' lang='lat' dir='ltr'>modum</span> <span class='ocrx_word' id='word_1_257' title='bbox 1159 3735 1257 3780; x_wconf 68' lang='lat' dir='ltr'>nostros</span> <span class='ocrx_word' id='word_1_258' title='bbox 1269 3729 1407 3797; x_wconf 78' lang='lat' dir='ltr'>mgitatio·</span> 
     </span>
     <span class='ocr_line' id='line_1_33' title="bbox 620 3813 1406 3886; baseline 0.005 -14"><span class='ocrx_word' id='word_1_259' title='bbox 620 3818 662 3873; x_wconf 87' lang='lat' dir='ltr'>uls</span> <span class='ocrx_word' id='word_1_260' title='bbox 673 3813 793 3880; x_wconf 71' lang='lat' dir='ltr'>erctedit,</span> <span class='ocrx_word' id='word_1_261' title='bbox 808 3826 914 3866; x_wconf 88' lang='lat' dir='ltr'>omrtem</span> <span class='ocrx_word' id='word_1_262' title='bbox 929 3822 1076 3868; x_wconf 84' lang='lat' dir='ltr'>creaturam</span> <span class='ocrx_word' id='word_1_263' title='bbox 1091 3814 1189 3872; x_wconf 78' lang='lat' dir='ltr'>babere</span> <span class='ocrx_word' id='word_1_264' title='bbox 1202 3818 1325 3886; x_wconf 90' lang='lat' dir='ltr'>initium;</span> <span class='ocrx_word' id='word_1_265' title='bbox 1341 3830 1406 3876; x_wconf 86' lang='lat' dir='ltr'>teur-</span> 
     </span>
     <span class='ocr_line' id='line_1_34' title="bbox 619 3905 1405 3981; baseline 0.01 -20"><span class='ocrx_word' id='word_1_266' title='bbox 619 3920 721 3979; x_wconf 83' lang='lat' dir='ltr'>pusque</span> <span class='ocrx_word' id='word_1_267' title='bbox 736 3905 820 3975; x_wconf 89' lang='lat' dir='ltr'>ipsum</span> <span class='ocrx_word' id='word_1_268' title='bbox 835 3915 983 3958; x_wconf 88' lang='lat' dir='ltr'>creaturam</span> <span class='ocrx_word' id='word_1_269' title='bbox 996 3920 1072 3971; x_wconf 91' lang='lat' dir='ltr'>esse,</span> <span class='ocrx_word' id='word_1_270' title='bbox 1086 3922 1119 3962; x_wconf 89' lang='grc' dir='ltr'>ιι</span> <span class='ocrx_word' id='word_1_271' title='bbox 1132 3923 1179 3977; x_wconf 84' lang='lat' dir='ltr'>per</span> <span class='ocrx_word' id='word_1_272' title='bbox 1193 3909 1244 3966; x_wconf 89' lang='lat' dir='ltr'>boc</span> <span class='ocrx_word' id='word_1_273' title='bbox 1258 3913 1344 3981; x_wconf 86' lang='lat' dir='ltr'>ipsum</span> <span class='ocrx_word' id='word_1_274' title='bbox 1358 3913 1405 3968; x_wconf 86' lang='lat' dir='ltr'>lra-</span> 
     </span>
     <span class='ocr_line' id='line_1_35' title="bbox 618 3996 1258 4059; baseline 0.009 -7"><span class='ocrx_word' id='word_1_275' title='bbox 618 3999 683 4056; x_wconf 87' lang='lat' dir='ltr'>berc</span> <span class='ocrx_word' id='word_1_276' title='bbox 695 3996 814 4059; x_wconf 87' lang='lat' dir='ltr'>initium,</span> <span class='ocrx_word' id='word_1_277' title='bbox 830 4010 879 4050; x_wconf 86' lang='lat' dir='ltr'>nec</span> <span class='ocrx_word' id='word_1_278' title='bbox 890 4007 1050 4052; x_wconf 73' lang='lat' dir='ltr'>coeternum</span> <span class='ocrx_word' id='word_1_279' title='bbox 1061 4015 1120 4055; x_wconf 87' lang='lat' dir='ltr'>esse</span> <span class='ocrx_word' id='word_1_280' title='bbox 1130 4000 1258 4058; x_wconf 78' lang='lat' dir='ltr'>Crertori.</span> 
     </span>
     <span class='ocr_line' id='line_1_36' title="bbox 616 4087 1404 4162; baseline 0.014 -19"><span class='ocrx_word' id='word_1_281' title='bbox 616 4111 618 4116; x_wconf 96' lang='lat'>·</span> <span class='ocrx_word' id='word_1_282' title='bbox 653 4088 680 4144; x_wconf 75' lang='grc'>9.</span> <span class='ocrx_word' id='word_1_283' title='bbox 700 4087 789 4142; x_wconf 79' lang='grc' dir='ltr'><strong>Ροιιιι</strong></span> <span class='ocrx_word' id='word_1_284' title='bbox 807 4087 886 4141; x_wconf 80' lang='lat' dir='ltr'>etiam</span> <span class='ocrx_word' id='word_1_285' title='bbox 901 4090 996 4144; x_wconf 87' lang='lat' dir='ltr'>coelum</span> <span class='ocrx_word' id='word_1_286' title='bbox 1010 4099 1037 4145; x_wconf 92' lang='lat' dir='ltr'>et</span> <span class='ocrx_word' id='word_1_287' title='bbox 1050 4100 1118 4146; x_wconf 84' lang='lat' dir='ltr'>terro</span> <span class='ocrx_word' id='word_1_288' title='bbox 1133 4107 1180 4162; x_wconf 90' lang='lat' dir='ltr'>pro</span> <span class='ocrx_word' id='word_1_289' title='bbox 1194 4097 1315 4153; x_wconf 83' lang='lat' dir='ltr'>universa</span> <span class='ocrx_word' id='word_1_290' title='bbox 1328 4114 1404 4154; x_wconf 88' lang='lat' dir='ltr'>crea·</span> 
     </span>
     <span class='ocr_line' id='line_1_37' title="bbox 616 4178 1402 4249; baseline 0.011 -13"><span class='ocrx_word' id='word_1_291' title='bbox 616 4191 677 4238; x_wconf 89' lang='lat' dir='ltr'>tura</span> <span class='ocrx_word' id='word_1_292' title='bbox 700 4180 814 4249; x_wconf 88' lang='lat' dir='ltr'>positum</span> <span class='ocrx_word' id='word_1_293' title='bbox 838 4178 939 4247; x_wconf 83' lang='lat' dir='ltr'>videri,</span> <span class='ocrx_word' id='word_1_294' title='bbox 962 4190 991 4236; x_wconf 89' lang='lat' dir='ltr'>ut</span> <span class='ocrx_word' id='word_1_295' title='bbox 1014 4190 1041 4236; x_wconf 89' lang='lat' dir='ltr'>ct</span> <span class='ocrx_word' id='word_1_296' title='bbox 1064 4181 1115 4238; x_wconf 91' lang='lat' dir='ltr'>boe</span> <span class='ocrx_word' id='word_1_297' title='bbox 1135 4184 1238 4241; x_wconf 81' lang='lat' dir='ltr'>visibile</span> <span class='ocrx_word' id='word_1_298' title='bbox 1259 4188 1402 4246; x_wconf 72' lang='lat' dir='ltr'>cctbereunt</span> 
     </span>
     <span class='ocr_line' id='line_1_38' title="bbox 618 4271 1402 4342; baseline 0.009 -12"><span class='ocrx_word' id='word_1_299' title='bbox 618 4275 830 4337; x_wconf 88' lang='lat' dir='ltr'>llrmamentuur,</span> <span class='ocrx_word' id='word_1_300' title='bbox 845 4271 943 4326; x_wconf 82' lang='lat' dir='ltr'>coelum</span> <span class='ocrx_word' id='word_1_301' title='bbox 957 4274 1116 4342; x_wconf 84' lang='lat' dir='ltr'>appellatum</span> <span class='ocrx_word' id='word_1_302' title='bbox 1130 4277 1173 4338; x_wconf 90' lang='lat' dir='ltr'>sit,</span> <span class='ocrx_word' id='word_1_303' title='bbox 1188 4286 1215 4331; x_wconf 88' lang='lat' dir='ltr'>ct</span> <span class='ocrx_word' id='word_1_304' title='bbox 1227 4278 1269 4332; x_wconf 83' lang='lat' dir='ltr'>illa</span> <span class='ocrx_word' id='word_1_305' title='bbox 1282 4291 1402 4337; x_wconf 86' lang='lat' dir='ltr'>ereatura</span> 
     </span>
     <span class='ocr_line' id='line_1_39' title="bbox 616 4362 1402 4442; baseline 0.011 -22"><span class='ocrx_word' id='word_1_306' title='bbox 616 4362 757 4420; x_wconf 82' lang='lat' dir='ltr'>invisibilis</span> <span class='ocrx_word' id='word_1_307' title='bbox 779 4362 1031 4431; x_wconf 89' lang='lat' dir='ltr'>supereminentium</span> <span class='ocrx_word' id='word_1_308' title='bbox 1056 4364 1234 4433; x_wconf 83' lang='lat' dir='ltr'>Potestatum;</span> <span class='ocrx_word' id='word_1_309' title='bbox 1260 4386 1402 4442; x_wconf 82' lang='lat' dir='ltr'>rursusque</span> 
     </span>
     <span class='ocr_line' id='line_1_40' title="bbox 616 4451 1402 4524; baseline 0.014 -13"><span class='ocrx_word' id='word_1_310' title='bbox 616 4464 703 4520; x_wconf 86' lang='lat' dir='ltr'>terra,</span> <span class='ocrx_word' id='word_1_311' title='bbox 722 4454 808 4508; x_wconf 88' lang='lat' dir='ltr'>omnis</span> <span class='ocrx_word' id='word_1_312' title='bbox 828 4451 936 4510; x_wconf 80' lang='lat' dir='ltr'>interior</span> <span class='ocrx_word' id='word_1_313' title='bbox 957 4469 1017 4524; x_wconf 81' lang='lat' dir='ltr'>pars</span> <span class='ocrx_word' id='word_1_314' title='bbox 1038 4456 1143 4523; x_wconf 92' lang='lat' dir='ltr'>rnuudi,</span> <span class='ocrx_word' id='word_1_315' title='bbox 1165 4474 1225 4513; x_wconf 92' lang='lat' dir='ltr'>eum</span> <span class='ocrx_word' id='word_1_316' title='bbox 1245 4463 1402 4524; x_wconf 83' lang='lat' dir='ltr'>animalibus</span> 
     </span>
     <span class='ocr_line' id='line_1_41' title="bbox 615 4544 1402 4618; baseline 0.015 -18"><span class='ocrx_word' id='word_1_317' title='bbox 615 4546 711 4618; x_wconf 89' lang='lat' dir='ltr'>quibus</span> <span class='ocrx_word' id='word_1_318' title='bbox 724 4544 894 4600; x_wconf 81' lang='lat' dir='ltr'>inhabitatur.</span> <span class='ocrx_word' id='word_1_319' title='bbox 912 4548 953 4601; x_wconf 80' lang='grc' dir='ltr'>ιιι</span> <span class='ocrx_word' id='word_1_320' title='bbox 967 4547 1063 4603; x_wconf 83' lang='lat' dir='ltr'>eoelum</span> <span class='ocrx_word' id='word_1_321' title='bbox 1083 4551 1169 4606; x_wconf 85' lang='lat' dir='ltr'>omnis</span> <span class='ocrx_word' id='word_1_322' title='bbox 1187 4564 1305 4609; x_wconf 84' lang='lat' dir='ltr'>creatura</span> <span class='ocrx_word' id='word_1_323' title='bbox 1321 4559 1402 4612; x_wconf 88' lang='lat' dir='ltr'>subli-</span> 
     </span>
     <span class='ocr_line' id='line_1_42' title="bbox 614 4636 1400 4707; baseline 0.009 -13"><span class='ocrx_word' id='word_1_324' title='bbox 614 4638 665 4694; x_wconf 88' lang='lat' dir='ltr'>mis</span> <span class='ocrx_word' id='word_1_325' title='bbox 678 4645 756 4706; x_wconf 82' lang='lat' dir='ltr'>atque</span> <span class='ocrx_word' id='word_1_326' title='bbox 768 4636 906 4692; x_wconf 76' lang='lat' dir='ltr'>invisibilis</span> <span class='ocrx_word' id='word_1_327' title='bbox 919 4637 988 4693; x_wconf 84' lang='lat' dir='ltr'>dicta</span> <span class='ocrx_word' id='word_1_328' title='bbox 1002 4648 1060 4707; x_wconf 86' lang='lat' dir='ltr'>est,</span> <span class='ocrx_word' id='word_1_329' title='bbox 1076 4647 1144 4695; x_wconf 89' lang='lat' dir='ltr'>terra</span> <span class='ocrx_word' id='word_1_330' title='bbox 1159 4657 1222 4697; x_wconf 77' lang='lat' dir='ltr'>uero</span> <span class='ocrx_word' id='word_1_331' title='bbox 1242 4660 1320 4701; x_wconf 88' lang='lat' dir='ltr'>ornne</span> <span class='ocrx_word' id='word_1_332' title='bbox 1335 4648 1400 4703; x_wconf 84' lang='lat' dir='ltr'>risi-</span> 
     </span>
     <span class='ocr_line' id='line_1_43' title="bbox 614 4727 1399 4805; baseline 0.011 -19"><span class='ocrx_word' id='word_1_333' title='bbox 614 4727 682 4793; x_wconf 80' lang='lat' dir='ltr'>tute,</span> <span class='ocrx_word' id='word_1_334' title='bbox 703 4737 731 4782; x_wconf 91' lang='lat' dir='ltr'>nt</span> <span class='ocrx_word' id='word_1_335' title='bbox 751 4728 830 4782; x_wconf 87' lang='lat' dir='ltr'>etiam</span> <span class='ocrx_word' id='word_1_336' title='bbox 851 4729 890 4784; x_wconf 90' lang='lat' dir='ltr'>sic</span> <span class='ocrx_word' id='word_1_337' title='bbox 914 4731 997 4799; x_wconf 87' lang='lat' dir='ltr'>possit</span> <span class='ocrx_word' id='word_1_338' title='bbox 1020 4731 1151 4803; x_wconf 92' lang='lat' dir='ltr'>boequod</span> <span class='ocrx_word' id='word_1_339' title='bbox 1171 4735 1345 4805; x_wconf 88' lang='lat' dir='ltr'>dictumest,</span> <span class='ocrx_word' id='word_1_340' title='bbox 1368 4740 1399 4796; x_wconf 81' lang='lat' dir='ltr'>lo</span> 
     </span>
     <span class='ocr_line' id='line_1_44' title="bbox 612 4819 1399 4893; baseline 0.024 -22"><span class='ocrx_word' id='word_1_341' title='bbox 612 4819 736 4893; x_wconf 74' lang='lat' dir='ltr'>principio</span> <span class='ocrx_word' id='word_1_342' title='bbox 756 4820 813 4889; x_wconf 68' lang='lat' dir='ltr'>(ecit</span> <span class='ocrx_word' id='word_1_343' title='bbox 829 4819 897 4876; x_wconf 80' lang='lat' dir='ltr'>Dent</span> <span class='ocrx_word' id='word_1_344' title='bbox 910 4823 998 4876; x_wconf 70' lang='lat' dir='ltr'>coelum</span> <span class='ocrx_word' id='word_1_345' title='bbox 1013 4835 1036 4879; x_wconf 85' lang='grc' dir='ltr'>ιι</span> <span class='ocrx_word' id='word_1_346' title='bbox 1051 4836 1160 4893; x_wconf 85' lang='lat' dir='ltr'>terrum,</span> <span class='ocrx_word' id='word_1_347' title='bbox 1184 4831 1305 4887; x_wconf 82' lang='lat' dir='ltr'>uniuersa</span> <span class='ocrx_word' id='word_1_348' title='bbox 1325 4849 1399 4890; x_wconf 88' lang='lat' dir='ltr'>creo·</span> 
     </span>
     <span class='ocr_line' id='line_1_45' title="bbox 611 4911 1398 4992; baseline 0.014 -22"><span class='ocrx_word' id='word_1_349' title='bbox 611 4919 668 4970; x_wconf 88' lang='lat' dir='ltr'>tura</span> <span class='ocrx_word' id='word_1_350' title='bbox 682 4911 810 4979; x_wconf 77' lang='lat' dir='ltr'>intelligi?</span> <span class='ocrx_word' id='word_1_351' title='bbox 823 4913 945 4969; x_wconf 83' lang='lat' dir='ltr'>Fortasse</span> <span class='ocrx_word' id='word_1_352' title='bbox 957 4917 1053 4987; x_wconf 80' lang='lat' dir='ltr'>quippe</span> <span class='ocrx_word' id='word_1_353' title='bbox 1067 4934 1119 4973; x_wconf 92' lang='lat' dir='ltr'>nou</span> <span class='ocrx_word' id='word_1_354' title='bbox 1134 4920 1276 4992; x_wconf 77' lang='lat' dir='ltr'>incongrue</span> <span class='ocrx_word' id='word_1_355' title='bbox 1288 4926 1313 4979; x_wconf 94' lang='lat' dir='ltr'>in</span> <span class='ocrx_word' id='word_1_356' title='bbox 1325 4942 1398 4982; x_wconf 83' lang='lat' dir='ltr'>cour·</span> 
     </span>
     <span class='ocr_line' id='line_1_46' title="bbox 611 5001 1396 5074; baseline 0.022 -18"><span class='ocrx_word' id='word_1_357' title='bbox 611 5001 747 5074; x_wconf 77' lang='lat' dir='ltr'>paratione</span> <span class='ocrx_word' id='word_1_358' title='bbox 773 5001 912 5057; x_wconf 78' lang='lat' dir='ltr'>inuisibilis</span> <span class='ocrx_word' id='word_1_359' title='bbox 933 5016 1079 5074; x_wconf 72' lang='lat' dir='ltr'>creature,</span> <span class='ocrx_word' id='word_1_360' title='bbox 1104 5025 1183 5066; x_wconf 85' lang='lat' dir='ltr'>omue</span> <span class='ocrx_word' id='word_1_361' title='bbox 1203 5015 1306 5071; x_wconf 86' lang='lat' dir='ltr'>risibile</span> <span class='ocrx_word' id='word_1_362' title='bbox 1327 5028 1396 5073; x_wconf 87' lang='lat' dir='ltr'>terra</span> 
     </span>
     <span class='ocr_line' id='line_1_47' title="bbox 609 5093 1397 5172; baseline 0.015 -20"><span class='ocrx_word' id='word_1_363' title='bbox 609 5093 721 5158; x_wconf 84' lang='lat' dir='ltr'>tllcltur,</span> <span class='ocrx_word' id='word_1_364' title='bbox 735 5102 765 5148; x_wconf 93' lang='lat' dir='ltr'>ut</span> <span class='ocrx_word' id='word_1_365' title='bbox 779 5093 822 5147; x_wconf 86' lang='lat' dir='ltr'>illu</span> <span class='ocrx_word' id='word_1_366' title='bbox 836 5094 897 5148; x_wconf 84' lang='lat' dir='ltr'>coeli</span> <span class='ocrx_word' id='word_1_367' title='bbox 916 5098 1022 5152; x_wconf 87' lang='lat' dir='ltr'>nornine</span> <span class='ocrx_word' id='word_1_368' title='bbox 1037 5112 1211 5170; x_wconf 84' lang='lat' dir='ltr'>trrrncupetur.</span> <span class='ocrx_word' id='word_1_369' title='bbox 1227 5106 1355 5172; x_wconf 82' lang='lat' dir='ltr'>Quoniam</span> <span class='ocrx_word' id='word_1_370' title='bbox 1370 5119 1397 5164; x_wconf 89' lang='lat' dir='ltr'>et</span> 
     </span>
     <span class='ocr_line' id='line_1_48' title="bbox 609 5183 1396 5258; baseline 0.02 -18"><span class='ocrx_word' id='word_1_371' title='bbox 609 5183 696 5244; x_wconf 75' lang='lat' dir='ltr'>snlma</span> <span class='ocrx_word' id='word_1_372' title='bbox 706 5198 766 5252; x_wconf 79' lang='lat' dir='ltr'>qun</span> <span class='ocrx_word' id='word_1_373' title='bbox 777 5184 915 5239; x_wconf 77' lang='lat' dir='ltr'>invisibilis</span> <span class='ocrx_word' id='word_1_374' title='bbox 924 5197 972 5251; x_wconf 89' lang='lat' dir='ltr'>est,</span> <span class='ocrx_word' id='word_1_375' title='bbox 985 5203 1142 5245; x_wconf 87' lang='lat' dir='ltr'>cumrerum</span> <span class='ocrx_word' id='word_1_376' title='bbox 1154 5195 1295 5252; x_wconf 82' lang='lat' dir='ltr'>visibilium</span> <span class='ocrx_word' id='word_1_377' title='bbox 1305 5213 1396 5258; x_wconf 88' lang='lat' dir='ltr'>amore</span> 
     </span>
     <span class='ocr_line' id='line_1_49' title="bbox 609 5278 1394 5356; baseline 0.017 -22"><span class='ocrx_word' id='word_1_378' title='bbox 609 5284 783 5341; x_wconf 88' lang='lat' dir='ltr'>ituucsccret,</span> <span class='ocrx_word' id='word_1_379' title='bbox 806 5283 835 5330; x_wconf 91' lang='lat' dir='ltr'>et</span> <span class='ocrx_word' id='word_1_380' title='bbox 853 5291 944 5332; x_wconf 88' lang='lat' dir='ltr'>carum</span> <span class='ocrx_word' id='word_1_381' title='bbox 964 5278 1105 5350; x_wconf 87' lang='lat' dir='ltr'>adeptione</span> <span class='ocrx_word' id='word_1_382' title='bbox 1122 5286 1309 5356; x_wconf 83' lang='lat' dir='ltr'>extolleretur,</span> <span class='ocrx_word' id='word_1_383' title='bbox 1325 5300 1394 5347; x_wconf 85' lang='lat' dir='ltr'>terra</span> 
     </span>
     <span class='ocr_line' id='line_1_50' title="bbox 607 5364 1394 5448; baseline 0.017 -22"><span class='ocrx_word' id='word_1_384' title='bbox 607 5367 676 5426; x_wconf 84' lang='lat' dir='ltr'>tlletn</span> <span class='ocrx_word' id='word_1_385' title='bbox 691 5376 749 5429; x_wconf 81' lang='lat' dir='ltr'>est,</span> <span class='ocrx_word' id='word_1_386' title='bbox 770 5364 838 5421; x_wconf 90' lang='lat' dir='ltr'>sicut</span> <span class='ocrx_word' id='word_1_387' title='bbox 858 5368 987 5438; x_wconf 86' lang='lat' dir='ltr'>scriptum</span> <span class='ocrx_word' id='word_1_388' title='bbox 1003 5379 1044 5426; x_wconf 89' lang='lat' dir='ltr'>cst</span> <span class='ocrx_word' id='word_1_389' title='bbox 1060 5412 1066 5429; x_wconf 86' lang='lat'>.</span> <span class='ocrx_word' id='word_1_390' title='bbox 1083 5373 1152 5440; x_wconf 78' lang='lat' dir='ltr'>Quid</span> <span class='ocrx_word' id='word_1_391' title='bbox 1162 5380 1273 5448; x_wconf 79' lang='lat' dir='ltr'>superbit</span> <span class='ocrx_word' id='word_1_392' title='bbox 1291 5392 1357 5437; x_wconf 89' lang='lat' dir='ltr'>terro</span> <span class='ocrx_word' id='word_1_393' title='bbox 1371 5397 1394 5439; x_wconf 84' lang='lat' dir='ltr'>et</span> 
     </span>
     <span class='ocr_line' id='line_1_51' title="bbox 606 5457 884 5530; baseline -0.011 -14"><span class='ocrx_word' id='word_1_394' title='bbox 606 5459 669 5516; x_wconf 79' lang='lat' dir='ltr'>cluit</span> <span class='ocrx_word' id='word_1_395' title='bbox 683 5457 774 5530; x_wconf 73' lang='lat' dir='ltr'>(dccli.</span> <span class='ocrx_word' id='word_1_396' title='bbox 790 5474 822 5527; x_wconf 85' lang='lat' dir='ltr'>r,</span> <span class='ocrx_word' id='word_1_397' title='bbox 837 5457 884 5530; x_wconf 85' lang='grc' dir='ltr'>9)ι</span> 
     </span>
     <span class='ocr_line' id='line_1_52' title="bbox 642 5548 1391 5624; baseline 0.019 -18"><span class='ocrx_word' id='word_1_398' title='bbox 642 5549 685 5606; x_wconf 82' lang='grc' dir='ltr'>ιθ.</span> <span class='ocrx_word' id='word_1_399' title='bbox 706 5548 757 5604; x_wconf 91' lang='lat' dir='ltr'>Sed</span> <span class='ocrx_word' id='word_1_400' title='bbox 772 5550 854 5618; x_wconf 77' lang='lat' dir='ltr'>quuri</span> <span class='ocrx_word' id='word_1_401' title='bbox 869 5561 955 5620; x_wconf 86' lang='lat' dir='ltr'>potest</span> <span class='ocrx_word' id='word_1_402' title='bbox 972 5562 1060 5609; x_wconf 88' lang='lat' dir='ltr'>utrum</span> <span class='ocrx_word' id='word_1_403' title='bbox 1076 5558 1130 5624; x_wconf 85' lang='lat' dir='ltr'>jam</span> <span class='ocrx_word' id='word_1_404' title='bbox 1144 5557 1264 5615; x_wconf 84' lang='lat' dir='ltr'>distincta</span> <span class='ocrx_word' id='word_1_405' title='bbox 1279 5573 1305 5617; x_wconf 88' lang='lat' dir='ltr'>ct</span> <span class='ocrx_word' id='word_1_406' title='bbox 1317 5579 1391 5620; x_wconf 86' lang='lat' dir='ltr'>com·</span> 
     </span>
     <span class='ocr_line' id='line_1_53' title="bbox 607 5641 1390 5725; baseline 0.019 -31"><span class='ocrx_word' id='word_1_407' title='bbox 607 5641 691 5716; x_wconf 62' lang='lat' dir='ltr'>pitito</span> <span class='ocrx_word' id='word_1_408' title='bbox 714 5642 802 5695; x_wconf 87' lang='lat' dir='ltr'>omnia</span> <span class='ocrx_word' id='word_1_409' title='bbox 827 5642 922 5697; x_wconf 79' lang='lat' dir='ltr'>dixerit</span> <span class='ocrx_word' id='word_1_410' title='bbox 944 5645 1040 5699; x_wconf 88' lang='lat' dir='ltr'>coelum</span> <span class='ocrx_word' id='word_1_411' title='bbox 1065 5657 1092 5701; x_wconf 91' lang='lat' dir='ltr'>ct</span> <span class='ocrx_word' id='word_1_412' title='bbox 1116 5657 1227 5715; x_wconf 85' lang='lat' dir='ltr'>terram,</span> <span class='ocrx_word' id='word_1_413' title='bbox 1251 5669 1284 5708; x_wconf 86' lang='grc' dir='ltr'>ιιι</span> <span class='ocrx_word' id='word_1_414' title='bbox 1307 5656 1390 5725; x_wconf 85' lang='lat' dir='ltr'>ipsam</span> 
     </span>
     <span class='ocr_line' id='line_1_54' title="bbox 606 5731 1390 5813; baseline 0.013 -25"><span class='ocrx_word' id='word_1_415' title='bbox 606 5731 692 5804; x_wconf 73' lang='lat' dir='ltr'>ttrituo</span> <span class='ocrx_word' id='word_1_416' title='bbox 710 5731 850 5786; x_wconf 90' lang='lat' dir='ltr'>iulormem</span> <span class='ocrx_word' id='word_1_417' title='bbox 865 5734 1043 5791; x_wconf 76' lang='lat' dir='ltr'>uniuersitatis</span> <span class='ocrx_word' id='word_1_418' title='bbox 1057 5740 1210 5805; x_wconf 88' lang='lat' dir='ltr'>materiem,</span> <span class='ocrx_word' id='word_1_419' title='bbox 1231 5760 1289 5813; x_wconf 79' lang='lat' dir='ltr'>quu·</span> <span class='ocrx_word' id='word_1_420' title='bbox 1304 5747 1390 5805; x_wconf 77' lang='lat' dir='ltr'>iubas</span> 
     </span>
     <span class='ocr_line' id='line_1_55' title="bbox 605 5819 1389 5906; baseline 0.019 -29"><span class='ocrx_word' id='word_1_421' title='bbox 605 5819 731 5882; x_wconf 67' lang='grc' dir='ltr'><strong>ιιιιιιιιιι</strong></span> <span class='ocrx_word' id='word_1_422' title='bbox 742 5830 768 5876; x_wconf 91' lang='grc' dir='ltr'>ιι</span> <span class='ocrx_word' id='word_1_423' title='bbox 780 5822 915 5891; x_wconf 86' lang='lat' dir='ltr'>speciosas</span> <span class='ocrx_word' id='word_1_424' title='bbox 926 5834 1033 5880; x_wconf 81' lang='lat' dir='ltr'>naturas</span> <span class='ocrx_word' id='word_1_425' title='bbox 1044 5827 1097 5882; x_wconf 83' lang='lat' dir='ltr'>lieo</span> <span class='ocrx_word' id='word_1_426' title='bbox 1109 5829 1274 5890; x_wconf 78' lang='lat' dir='ltr'>ineffabiliter</span> <span class='ocrx_word' id='word_1_427' title='bbox 1280 5837 1389 5906; x_wconf 83' lang='lat' dir='ltr'>jubente</span> 
     </span>
     <span class='ocr_line' id='line_1_56' title="bbox 603 5909 1389 5995; baseline 0.011 -31"><span class='ocrx_word' id='word_1_428' title='bbox 603 5909 704 5984; x_wconf 69' lang='lat' dir='ltr'>digesta</span> <span class='ocrx_word' id='word_1_429' title='bbox 713 5919 764 5978; x_wconf 91' lang='lat' dir='ltr'>cst,</span> <span class='ocrx_word' id='word_1_430' title='bbox 775 5911 836 5966; x_wconf 90' lang='lat' dir='ltr'>coeli</span> <span class='ocrx_word' id='word_1_431' title='bbox 848 5922 875 5967; x_wconf 90' lang='lat' dir='ltr'>et</span> <span class='ocrx_word' id='word_1_432' title='bbox 885 5920 963 5968; x_wconf 72' lang='lat' dir='ltr'>terreo</span> <span class='ocrx_word' id='word_1_433' title='bbox 974 5916 1080 5971; x_wconf 90' lang='lat' dir='ltr'>nomine</span> <span class='ocrx_word' id='word_1_434' title='bbox 1093 5925 1290 5993; x_wconf 78' lang='lat' dir='ltr'>nuncupaverit.</span> <span class='ocrx_word' id='word_1_435' title='bbox 1300 5927 1389 5995; x_wconf 67' lang='lat' dir='ltr'>Quian.</span> 
     </span>
     <span class='ocr_line' id='line_1_57' title="bbox 604 6003 1387 6083; baseline 0.027 -26"><span class='ocrx_word' id='word_1_436' title='bbox 604 6015 682 6074; x_wconf 65' lang='lat' dir='ltr'>quum</span> <span class='ocrx_word' id='word_1_437' title='bbox 698 6003 768 6058; x_wconf 91' lang='lat' dir='ltr'>euim</span> <span class='ocrx_word' id='word_1_438' title='bbox 781 6003 908 6074; x_wconf 85' lang='lat' dir='ltr'>scripturn</span> <span class='ocrx_word' id='word_1_439' title='bbox 925 6004 1082 6075; x_wconf 80' lang='lat' dir='ltr'>legerimus,</span> <span class='ocrx_word' id='word_1_440' title='bbox 1105 6010 1155 6076; x_wconf 86' lang='lat' dir='ltr'>Qui</span> <span class='ocrx_word' id='word_1_441' title='bbox 1168 6014 1249 6083; x_wconf 74' lang='lat' dir='ltr'>[cristi</span> <span class='ocrx_word' id='word_1_442' title='bbox 1266 6024 1387 6079; x_wconf 86' lang='lat' dir='ltr'>mundum</span> 
     </span>
     <span class='ocr_line' id='line_1_58' title="bbox 603 6091 1384 6183; baseline 0.023 -35"><span class='ocrx_word' id='word_1_443' title='bbox 603 6091 747 6162; x_wconf 70' lang='lat' dir='ltr'>deinsorrui</span> <span class='ocrx_word' id='word_1_444' title='bbox 760 6095 863 6149; x_wconf 80' lang='grc' dir='ltr'><strong>ιιιιιιιιι</strong></span> <span class='ocrx_word' id='word_1_445' title='bbox 878 6095 954 6167; x_wconf 83' lang='lat' dir='ltr'>(Sap.</span> <span class='ocrx_word' id='word_1_446' title='bbox 969 6112 1012 6165; x_wconf 82' lang='lat' dir='ltr'>rt,</span> <span class='ocrx_word' id='word_1_447' title='bbox 1029 6098 1090 6168; x_wconf 89' lang='lat' dir='ltr'>l8);</span> <span class='ocrx_word' id='word_1_448' title='bbox 1106 6109 1191 6159; x_wconf 89' lang='lat' dir='ltr'>tamen</span> <span class='ocrx_word' id='word_1_449' title='bbox 1208 6108 1286 6164; x_wconf 89' lang='lat' dir='ltr'>ctiam</span> <span class='ocrx_word' id='word_1_450' title='bbox 1301 6112 1384 6183; x_wconf 80' lang='lat' dir='ltr'>ipsam</span> 
     </span>
     <span class='ocr_line' id='line_1_59' title="bbox 604 6185 1384 6269; baseline 0.022 -25"><span class='ocrx_word' id='word_1_451' title='bbox 604 6185 738 6244; x_wconf 60' lang='lat' dir='ltr'>miurinus</span> <span class='ocrx_word' id='word_1_452' title='bbox 748 6186 1008 6260; x_wconf 75' lang='lat' dir='ltr'>cuiusmodicumque</span> <span class='ocrx_word' id='word_1_453' title='bbox 1021 6189 1066 6261; x_wconf 84' lang='lat' dir='ltr'>sit,</span> <span class='ocrx_word' id='word_1_454' title='bbox 1081 6208 1133 6249; x_wconf 92' lang='lat' dir='ltr'>non</span> <span class='ocrx_word' id='word_1_455' title='bbox 1145 6212 1285 6269; x_wconf 89' lang='lat' dir='ltr'>possumus</span> <span class='ocrx_word' id='word_1_456' title='bbox 1296 6205 1384 6267; x_wconf 79' lang='lat' dir='ltr'>dicere</span> 
     </span>
    </p>
   </div>
   <div class='ocr_carea' id='block_1_2' title="bbox 1111 792 1809 866">
    <p class='ocr_par' dir='ltr' id='par_1_2' title="bbox 1111 792 1809 866">
     <span class='ocr_line' id='line_1_60' title="bbox 1111 792 1809 866; baseline 0.02 -18"><span class='ocrx_word' id='word_1_457' title='bbox 1111 795 1154 849; x_wconf 83' lang='lat' dir='ltr'>nt:</span> <span class='ocrx_word' id='word_1_458' title='bbox 1171 792 1293 849; x_wconf 68' lang='lat' dir='ltr'>b&#39;ffisl</span> <span class='ocrx_word' id='word_1_459' title='bbox 1313 793 1358 848; x_wconf 73' lang='lat' dir='ltr'>dl)</span> <span class='ocrx_word' id='word_1_460' title='bbox 1376 794 1561 866; x_wconf 77' lang='lat' dir='ltr'>ttrruttttt,</span> <span class='ocrx_word' id='word_1_461' title='bbox 1580 798 1609 856; x_wconf 88' lang='lat' dir='ltr'>S.</span> <span class='ocrx_word' id='word_1_462' title='bbox 1630 801 1809 861; x_wconf 68' lang='lat' dir='ltr'>ddGUSTlNl</span> 
     </span>
    </p>
   </div>
   <div class='ocr_carea' id='block_1_3' title="bbox 1481 826 2270 1364">
    <p class='ocr_par' dir='ltr' id='par_1_3' title="bbox 1481 826 2270 1364">
     <span class='ocr_line' id='line_1_61' title="bbox 2219 826 2270 885; baseline 0.098 -4"><span class='ocrx_word' id='word_1_463' title='bbox 2219 826 2270 885; x_wconf 68' lang='lat' dir='ltr'>sit</span> 
     </span>
     <span class='ocr_line' id='line_1_62' title="bbox 1484 912 2270 995; baseline 0.042 -32"><span class='ocrx_word' id='word_1_464' title='bbox 1484 925 1536 964; x_wconf 91' lang='lat' dir='ltr'>non</span> <span class='ocrx_word' id='word_1_465' title='bbox 1550 912 1584 966; x_wconf 88' lang='grc' dir='ltr'>ιι)</span> <span class='ocrx_word' id='word_1_466' title='bbox 1598 914 1750 984; x_wconf 79' lang='lat' dir='ltr'>eulaeum,</span> <span class='ocrx_word' id='word_1_467' title='bbox 1764 937 1797 976; x_wconf 86' lang='lat' dir='ltr'>er</span> <span class='ocrx_word' id='word_1_468' title='bbox 1811 939 1864 990; x_wconf 90' lang='lat' dir='ltr'>quo</span> <span class='ocrx_word' id='word_1_469' title='bbox 1875 927 1963 983; x_wconf 83' lang='grc' dir='ltr'><strong>ιιιιιιιι</strong></span> <span class='ocrx_word' id='word_1_470' title='bbox 1975 931 2132 988; x_wconf 86' lang='lat' dir='ltr'>eondtemur</span> <span class='ocrx_word' id='word_1_471' title='bbox 2146 945 2174 992; x_wconf 89' lang='lat' dir='ltr'>et</span> <span class='ocrx_word' id='word_1_472' title='bbox 2185 941 2270 995; x_wconf 86' lang='lat' dir='ltr'>credi·</span> 
     </span>
     <span class='ocr_line' id='line_1_63' title="bbox 1482 1006 2268 1098; baseline 0.039 -44"><span class='ocrx_word' id='word_1_473' title='bbox 1482 1016 1541 1055; x_wconf 87' lang='lat' dir='ltr'>mus</span> <span class='ocrx_word' id='word_1_474' title='bbox 1555 1020 1562 1056; x_wconf 74' lang='grc' dir='ltr'>ε</span> <span class='ocrx_word' id='word_1_475' title='bbox 1578 1012 1606 1057; x_wconf 92' lang='lat' dir='ltr'>ut</span> <span class='ocrx_word' id='word_1_476' title='bbox 1618 1006 1697 1062; x_wconf 85' lang='lat' dir='ltr'>etiam</span> <span class='ocrx_word' id='word_1_477' title='bbox 1713 1010 1769 1079; x_wconf 90' lang='lat' dir='ltr'>ipsa</span> <span class='ocrx_word' id='word_1_478' title='bbox 1788 1011 1900 1083; x_wconf 77' lang='lat' dir='ltr'>digestio</span> <span class='ocrx_word' id='word_1_479' title='bbox 1921 1027 1949 1073; x_wconf 93' lang='lat' dir='ltr'>et</span> <span class='ocrx_word' id='word_1_480' title='bbox 1965 1009 2095 1078; x_wconf 80' lang='lat' dir='ltr'>ordinatio</span> <span class='ocrx_word' id='word_1_481' title='bbox 2108 1025 2268 1098; x_wconf 85' lang='lat' dir='ltr'>singularum</span> 
     </span>
     <span class='ocr_line' id='line_1_64' title="bbox 1482 1100 2267 1177; baseline 0.045 -35"><span class='ocrx_word' id='word_1_482' title='bbox 1482 1106 1647 1164; x_wconf 79' lang='lat' dir='ltr'>quartusque</span> <span class='ocrx_word' id='word_1_483' title='bbox 1662 1113 1749 1154; x_wconf 89' lang='lat' dir='ltr'>rerum</span> <span class='ocrx_word' id='word_1_484' title='bbox 1765 1100 1935 1162; x_wconf 83' lang='lat' dir='ltr'>lorrnatarum</span> <span class='ocrx_word' id='word_1_485' title='bbox 1949 1118 1975 1166; x_wconf 88' lang='lat' dir='ltr'>et</span> <span class='ocrx_word' id='word_1_486' title='bbox 1988 1110 2172 1172; x_wconf 89' lang='lat' dir='ltr'>distinctarum</span> <span class='ocrx_word' id='word_1_487' title='bbox 2192 1136 2267 1177; x_wconf 88' lang='lat' dir='ltr'>mun·</span> 
     </span>
     <span class='ocr_line' id='line_1_65' title="bbox 1481 1161 2265 1280; baseline 0.042 -45"><span class='ocrx_word' id='word_1_488' title='bbox 1481 1182 1531 1237; x_wconf 86' lang='lat' dir='ltr'>dos</span> <span class='ocrx_word' id='word_1_489' title='bbox 1555 1161 1680 1255; x_wconf 75' lang='grc' dir='ltr'><strong>ιἰιιιιιις</strong></span> <span class='ocrx_word' id='word_1_490' title='bbox 1706 1192 1763 1262; x_wconf 88' lang='lat' dir='ltr'>ipsa</span> <span class='ocrx_word' id='word_1_491' title='bbox 1785 1209 1848 1251; x_wconf 87' lang='lat' dir='ltr'>rero</span> <span class='ocrx_word' id='word_1_492' title='bbox 1870 1201 1994 1258; x_wconf 83' lang='lat' dir='ltr'>materies</span> <span class='ocrx_word' id='word_1_493' title='bbox 2015 1205 2112 1261; x_wconf 83' lang='lat' dir='ltr'>coelum</span> <span class='ocrx_word' id='word_1_494' title='bbox 2138 1217 2165 1264; x_wconf 89' lang='lat' dir='ltr'>et</span> <span class='ocrx_word' id='word_1_495' title='bbox 2189 1218 2265 1280; x_wconf 87' lang='lat' dir='ltr'>tetra,</span> 
     </span>
     <span class='ocr_line' id='line_1_66' title="bbox 1481 1276 2266 1364; baseline 0.045 -38"><span class='ocrx_word' id='word_1_496' title='bbox 1481 1276 1559 1330; x_wconf 80' lang='lat' dir='ltr'>ueluti</span> <span class='ocrx_word' id='word_1_497' title='bbox 1575 1293 1666 1336; x_wconf 88' lang='lat' dir='ltr'>semen</span> <span class='ocrx_word' id='word_1_498' title='bbox 1680 1283 1741 1338; x_wconf 86' lang='lat' dir='ltr'>eoeli</span> <span class='ocrx_word' id='word_1_499' title='bbox 1755 1294 1782 1341; x_wconf 88' lang='lat' dir='ltr'>et</span> <span class='ocrx_word' id='word_1_500' title='bbox 1797 1295 1874 1343; x_wconf 74' lang='lat' dir='ltr'>terra</span> <span class='ocrx_word' id='word_1_501' title='bbox 1886 1293 2014 1362; x_wconf 84' lang='lat' dir='ltr'>appellata</span> <span class='ocrx_word' id='word_1_502' title='bbox 2026 1297 2077 1364; x_wconf 87' lang='lat' dir='ltr'>sit;</span> <span class='ocrx_word' id='word_1_503' title='bbox 2093 1309 2120 1354; x_wconf 90' lang='lat' dir='ltr'>et</span> <span class='ocrx_word' id='word_1_504' title='bbox 2132 1302 2229 1357; x_wconf 84' lang='lat' dir='ltr'>coelum</span> <span class='ocrx_word' id='word_1_505' title='bbox 2241 1317 2266 1362; x_wconf 91' lang='lat' dir='ltr'>et</span> 
     </span>
    </p>
   </div>
   <div class='ocr_carea' id='block_1_4' title="bbox 1479 1367 2265 1565">
    <p class='ocr_par' dir='ltr' id='par_1_4' title="bbox 1479 1367 2265 1565">
     <span class='ocr_line' id='line_1_67' title="bbox 1480 1367 2265 1451; baseline 0.043 -35"><span class='ocrx_word' id='word_1_506' title='bbox 1480 1367 1551 1420; x_wconf 87' lang='lat' dir='ltr'>terra</span> <span class='ocrx_word' id='word_1_507' title='bbox 1564 1369 1638 1435; x_wconf 86' lang='lat' dir='ltr'>quasi</span> <span class='ocrx_word' id='word_1_508' title='bbox 1648 1372 1785 1429; x_wconf 79' lang='lat' dir='ltr'>confusum</span> <span class='ocrx_word' id='word_1_509' title='bbox 1798 1385 1877 1447; x_wconf 86' lang='lat' dir='ltr'>atque</span> <span class='ocrx_word' id='word_1_510' title='bbox 1890 1382 2046 1449; x_wconf 79' lang='lat' dir='ltr'>permirtum</span> <span class='ocrx_word' id='word_1_511' title='bbox 2059 1388 2094 1443; x_wconf 92' lang='lat' dir='ltr'>ab</span> <span class='ocrx_word' id='word_1_512' title='bbox 2102 1390 2204 1447; x_wconf 79' lang='lat' dir='ltr'>artilloe</span> <span class='ocrx_word' id='word_1_513' title='bbox 2214 1393 2265 1451; x_wconf 77' lang='lat' dir='ltr'>lieo</span> 
     </span>
     <span class='ocr_line' id='line_1_68' title="bbox 1479 1454 2264 1565; baseline 0.045 -62"><span class='ocrx_word' id='word_1_514' title='bbox 1479 1454 1638 1525; x_wconf 73' lang='lat' dir='ltr'>accipiendis</span> <span class='ocrx_word' id='word_1_515' title='bbox 1651 1458 1744 1517; x_wconf 85' lang='lat' dir='ltr'>sortiris</span> <span class='ocrx_word' id='word_1_516' title='bbox 1757 1464 1891 1521; x_wconf 88' lang='lat' dir='ltr'>idoneum.</span> <span class='ocrx_word' id='word_1_517' title='bbox 1915 1469 2047 1529; x_wconf 84' lang='lat' dir='ltr'>llaetcnus</span> <span class='ocrx_word' id='word_1_518' title='bbox 2069 1474 2103 1532; x_wconf 88' lang='lat' dir='ltr'>dc</span> <span class='ocrx_word' id='word_1_519' title='bbox 2123 1477 2176 1534; x_wconf 85' lang='lat' dir='ltr'>boc</span> <span class='ocrx_word' id='word_1_520' title='bbox 2193 1498 2264 1565; x_wconf 75' lang='lat' dir='ltr'>que·</span> 
     </span>
    </p>
   </div>
   <div class='ocr_carea' id='block_1_5' title="bbox 1449 1542 2263 5171">
    <p class='ocr_par' dir='ltr' id='par_1_5' title="bbox 1477 1542 2263 1794">
     <span class='ocr_line' id='line_1_69' title="bbox 1478 1542 2263 1636; baseline 0.042 -41"><span class='ocrx_word' id='word_1_521' title='bbox 1478 1542 1558 1598; x_wconf 89' lang='lat' dir='ltr'>situm</span> <span class='ocrx_word' id='word_1_522' title='bbox 1571 1546 1606 1600; x_wconf 90' lang='lat' dir='ltr'>sit</span> <span class='ocrx_word' id='word_1_523' title='bbox 1616 1549 1686 1617; x_wconf 91' lang='lat' dir='ltr'>quod</span> <span class='ocrx_word' id='word_1_524' title='bbox 1696 1550 1795 1608; x_wconf 89' lang='lat' dir='ltr'>dictum</span> <span class='ocrx_word' id='word_1_525' title='bbox 1805 1565 1863 1622; x_wconf 77' lang='lat' dir='ltr'>est,</span> <span class='ocrx_word' id='word_1_526' title='bbox 1877 1556 1909 1613; x_wconf 84' lang='lat' dir='ltr'>lo</span> <span class='ocrx_word' id='word_1_527' title='bbox 1922 1562 2045 1632; x_wconf 79' lang='lat' dir='ltr'>priruipic</span> <span class='ocrx_word' id='word_1_528' title='bbox 2060 1568 2121 1636; x_wconf 74' lang='lat' dir='ltr'>{ecit</span> <span class='ocrx_word' id='word_1_529' title='bbox 2131 1568 2200 1626; x_wconf 77' lang='lat' dir='ltr'>Deua</span> <span class='ocrx_word' id='word_1_530' title='bbox 2215 1589 2263 1627; x_wconf 83' lang='lat' dir='ltr'>co·</span> 
     </span>
     <span class='ocr_line' id='line_1_70' title="bbox 1477 1633 2263 1722; baseline 0.043 -36"><span class='ocrx_word' id='word_1_531' title='bbox 1477 1633 1531 1688; x_wconf 87' lang='lat' dir='ltr'>lum</span> <span class='ocrx_word' id='word_1_532' title='bbox 1545 1645 1568 1689; x_wconf 83' lang='lat' dir='ltr'>et</span> <span class='ocrx_word' id='word_1_533' title='bbox 1589 1648 1682 1694; x_wconf 81' lang='grc' dir='ltr'><strong>ιιπιιιι</strong></span> <span class='ocrx_word' id='word_1_534' title='bbox 1697 1658 1706 1696; x_wconf 87' lang='grc'><em>;</em></span> <span class='ocrx_word' id='word_1_535' title='bbox 1720 1643 1786 1699; x_wconf 90' lang='lat' dir='ltr'>nibil</span> <span class='ocrx_word' id='word_1_536' title='bbox 1804 1647 1876 1704; x_wconf 88' lang='lat' dir='ltr'>cuim</span> <span class='ocrx_word' id='word_1_537' title='bbox 1894 1650 1989 1707; x_wconf 92' lang='lat' dir='ltr'>borurn</span> <span class='ocrx_word' id='word_1_538' title='bbox 2011 1664 2112 1714; x_wconf 86' lang='lat' dir='ltr'>temere</span> <span class='ocrx_word' id='word_1_539' title='bbox 2133 1651 2263 1722; x_wconf 70' lang='lat' dir='ltr'>nunnus</span> 
     </span>
     <span class='ocr_line' id='line_1_71' title="bbox 1477 1728 1605 1794; baseline 0.023 -16"><span class='ocrx_word' id='word_1_540' title='bbox 1477 1728 1605 1794; x_wconf 85' lang='lat' dir='ltr'>oportuit.</span> 
     </span>
    </p>

    <p class='ocr_par' dir='ltr' id='par_1_6' title="bbox 1455 1813 2261 4410">
     <span class='ocr_line' id='line_1_72' title="bbox 1511 1813 2261 1900; baseline 0.039 -29"><span class='ocrx_word' id='word_1_541' title='bbox 1511 1813 1624 1874; x_wconf 79' lang='lat' dir='ltr'>CAPUT</span> <span class='ocrx_word' id='word_1_542' title='bbox 1638 1819 1682 1878; x_wconf 71' lang='lat' dir='ltr'>ll.</span> <span class='ocrx_word' id='word_1_543' title='bbox 1692 1852 1729 1865; x_wconf 93' lang='lat'><em>-</em></span> <span class='ocrx_word' id='word_1_544' title='bbox 1738 1825 1781 1880; x_wconf 91' lang='lat' dir='ltr'>ll.</span> <span class='ocrx_word' id='word_1_545' title='bbox 1796 1825 1873 1882; x_wconf 79' lang='lat' dir='ltr'>Terra</span> <span class='ocrx_word' id='word_1_546' title='bbox 1884 1839 1967 1886; x_wconf 81' lang='lat' dir='ltr'>autem</span> <span class='ocrx_word' id='word_1_547' title='bbox 1976 1845 2029 1889; x_wconf 71' lang='lat' dir='ltr'>not</span> <span class='ocrx_word' id='word_1_548' title='bbox 2046 1838 2179 1897; x_wconf 79' lang='lat' dir='ltr'>inuisibilis</span> <span class='ocrx_word' id='word_1_549' title='bbox 2191 1845 2261 1900; x_wconf 83' lang='lat' dir='ltr'>etiu-</span> 
     </span>
     <span class='ocr_line' id='line_1_73' title="bbox 1474 1909 2260 2000; baseline 0.038 -41"><span class='ocrx_word' id='word_1_550' title='bbox 1474 1909 1628 1977; x_wconf 78' lang='lat' dir='ltr'>cotupnsito,</span> <span class='ocrx_word' id='word_1_551' title='bbox 1643 1921 1668 1965; x_wconf 83' lang='lat' dir='ltr'>et</span> <span class='ocrx_word' id='word_1_552' title='bbox 1678 1914 1785 1969; x_wconf 71' lang='lat' dir='ltr'>tenebra</span> <span class='ocrx_word' id='word_1_553' title='bbox 1797 1927 1868 1972; x_wconf 82' lang='lat' dir='ltr'>erum</span> <span class='ocrx_word' id='word_1_554' title='bbox 1880 1936 1955 1992; x_wconf 80' lang='lat' dir='ltr'>super</span> <span class='ocrx_word' id='word_1_555' title='bbox 1967 1924 2103 1996; x_wconf 62' lang='lat' dir='ltr'>algerum</span> <span class='ocrx_word' id='word_1_556' title='bbox 2116 1938 2140 1983; x_wconf 83' lang='lat' dir='ltr'>rt</span> <span class='ocrx_word' id='word_1_557' title='bbox 2151 1929 2260 2000; x_wconf 83' lang='lat' dir='ltr'>Spirittu</span> 
     </span>
     <span class='ocr_line' id='line_1_74' title="bbox 1474 1994 2260 2090; baseline 0.038 -41"><span class='ocrx_word' id='word_1_558' title='bbox 1474 1994 1522 2050; x_wconf 76' lang='lat' dir='ltr'>tto·</span> <span class='ocrx_word' id='word_1_559' title='bbox 1532 1998 1656 2067; x_wconf 75' lang='grc' dir='ltr'><strong>[ιιιιιιιιιι</strong></span> <span class='ocrx_word' id='word_1_560' title='bbox 1667 2019 1853 2077; x_wconf 79' lang='lat' dir='ltr'>superaquam.</span> <span class='ocrx_word' id='word_1_561' title='bbox 1869 2009 1911 2065; x_wconf 76' lang='grc' dir='ltr'>ΑΙ)</span> <span class='ocrx_word' id='word_1_562' title='bbox 1921 2010 2053 2070; x_wconf 81' lang='lat' dir='ltr'>ltaereticis</span> <span class='ocrx_word' id='word_1_563' title='bbox 2063 2016 2102 2090; x_wconf 89' lang='grc' dir='ltr'>(ι)</span> <span class='ocrx_word' id='word_1_564' title='bbox 2111 2020 2161 2090; x_wconf 93' lang='lat' dir='ltr'>qui</span> <span class='ocrx_word' id='word_1_565' title='bbox 2178 2022 2260 2079; x_wconf 85' lang='lat' dir='ltr'>l&#39;eteri</span> 
     </span>
     <span class='ocr_line' id='line_1_75' title="bbox 1473 2083 2259 2168; baseline 0.037 -29"><span class='ocrx_word' id='word_1_566' title='bbox 1473 2083 1644 2144; x_wconf 85' lang='lat' dir='ltr'>Testamento</span> <span class='ocrx_word' id='word_1_567' title='bbox 1660 2091 1849 2163; x_wconf 76' lang='lat' dir='ltr'>adversantur,</span> <span class='ocrx_word' id='word_1_568' title='bbox 1863 2100 1963 2156; x_wconf 77' lang='lat' dir='ltr'>moseri</span> <span class='ocrx_word' id='word_1_569' title='bbox 1977 2104 2107 2162; x_wconf 85' lang='lat' dir='ltr'>ealrrmoia</span> <span class='ocrx_word' id='word_1_570' title='bbox 2123 2107 2185 2167; x_wconf 87' lang='lat' dir='ltr'>lruie</span> <span class='ocrx_word' id='word_1_571' title='bbox 2203 2112 2259 2168; x_wconf 91' lang='lat' dir='ltr'>loeo</span> 
     </span>
     <span class='ocr_line' id='line_1_76' title="bbox 1471 2175 2257 2263; baseline 0.039 -36"><span class='ocrx_word' id='word_1_572' title='bbox 1471 2175 1549 2240; x_wconf 89' lang='lat' dir='ltr'>solet,</span> <span class='ocrx_word' id='word_1_573' title='bbox 1560 2192 1620 2232; x_wconf 90' lang='lat' dir='ltr'>euru</span> <span class='ocrx_word' id='word_1_574' title='bbox 1629 2178 1731 2245; x_wconf 89' lang='lat' dir='ltr'>dicunt,</span> <span class='ocrx_word' id='word_1_575' title='bbox 1741 2185 1878 2251; x_wconf 84' lang='lat' dir='ltr'>Quomodo</span> <span class='ocrx_word' id='word_1_576' title='bbox 1888 2188 1914 2243; x_wconf 95' lang='lat' dir='ltr'>in</span> <span class='ocrx_word' id='word_1_577' title='bbox 1925 2191 2054 2263; x_wconf 85' lang='lat' dir='ltr'>principio</span> <span class='ocrx_word' id='word_1_578' title='bbox 2064 2194 2126 2252; x_wconf 88' lang='lat' dir='ltr'>lecit</span> <span class='ocrx_word' id='word_1_579' title='bbox 2134 2198 2203 2254; x_wconf 81' lang='lat' dir='ltr'>licus</span> <span class='ocrx_word' id='word_1_580' title='bbox 2211 2217 2257 2258; x_wconf 78' lang='lat' dir='ltr'>cm</span> 
     </span>
     <span class='ocr_line' id='line_1_77' title="bbox 1472 2262 2258 2358; baseline 0.039 -42"><span class='ocrx_word' id='word_1_581' title='bbox 1472 2262 1524 2317; x_wconf 92' lang='lat' dir='ltr'>lum</span> <span class='ocrx_word' id='word_1_582' title='bbox 1535 2274 1563 2320; x_wconf 92' lang='lat' dir='ltr'>et</span> <span class='ocrx_word' id='word_1_583' title='bbox 1572 2275 1682 2335; x_wconf 89' lang='lat' dir='ltr'>terram,</span> <span class='ocrx_word' id='word_1_584' title='bbox 1698 2272 1721 2325; x_wconf 91' lang='lat' dir='ltr'>si</span> <span class='ocrx_word' id='word_1_585' title='bbox 1728 2272 1784 2341; x_wconf 85' lang='lat' dir='ltr'>jam</span> <span class='ocrx_word' id='word_1_586' title='bbox 1795 2284 1863 2331; x_wconf 90' lang='lat' dir='ltr'>terra</span> <span class='ocrx_word' id='word_1_587' title='bbox 1874 2279 1950 2334; x_wconf 81' lang='lat' dir='ltr'>erati</span> <span class='ocrx_word' id='word_1_588' title='bbox 1959 2293 2011 2336; x_wconf 89' lang='lat' dir='ltr'>non</span> <span class='ocrx_word' id='word_1_589' title='bbox 2022 2282 2201 2358; x_wconf 73' lang='lat' dir='ltr'>intelligentes</span> <span class='ocrx_word' id='word_1_590' title='bbox 2211 2290 2258 2347; x_wconf 84' lang='lat' dir='ltr'>ltoc</span> 
     </span>
     <span class='ocr_line' id='line_1_78' title="bbox 1471 2356 2257 2444; baseline 0.037 -36"><span class='ocrx_word' id='word_1_591' title='bbox 1471 2367 1530 2410; x_wconf 86' lang='lat' dir='ltr'>csse</span> <span class='ocrx_word' id='word_1_592' title='bbox 1540 2356 1720 2428; x_wconf 84' lang='lat' dir='ltr'>subjunctum,</span> <span class='ocrx_word' id='word_1_593' title='bbox 1730 2371 1758 2417; x_wconf 94' lang='lat' dir='ltr'>ut</span> <span class='ocrx_word' id='word_1_594' title='bbox 1768 2376 1944 2436; x_wconf 85' lang='lat' dir='ltr'>exponeretur</span> <span class='ocrx_word' id='word_1_595' title='bbox 1953 2372 2040 2441; x_wconf 86' lang='lat' dir='ltr'>qualis</span> <span class='ocrx_word' id='word_1_596' title='bbox 2050 2382 2120 2430; x_wconf 92' lang='lat' dir='ltr'>terra</span> <span class='ocrx_word' id='word_1_597' title='bbox 2128 2376 2216 2444; x_wconf 84' lang='lat' dir='ltr'>luerit,</span> <span class='ocrx_word' id='word_1_598' title='bbox 2226 2382 2257 2438; x_wconf 82' lang='lat' dir='ltr'>de</span> 
     </span>
     <span class='ocr_line' id='line_1_79' title="bbox 1469 2443 2257 2528; baseline 0.044 -34"><span class='ocrx_word' id='word_1_599' title='bbox 1469 2457 1520 2511; x_wconf 83' lang='lat' dir='ltr'>qua</span> <span class='ocrx_word' id='word_1_600' title='bbox 1534 2443 1589 2514; x_wconf 81' lang='lat' dir='ltr'>jam</span> <span class='ocrx_word' id='word_1_601' title='bbox 1605 2447 1777 2519; x_wconf 90' lang='lat' dir='ltr'>dictumest,</span> <span class='ocrx_word' id='word_1_602' title='bbox 1795 2457 1854 2525; x_wconf 75' lang='lat' dir='ltr'>fecit</span> <span class='ocrx_word' id='word_1_603' title='bbox 1872 2456 1939 2517; x_wconf 78' lang='lat' dir='ltr'>neor</span> <span class='ocrx_word' id='word_1_604' title='bbox 1951 2463 2041 2518; x_wconf 77' lang='lat' dir='ltr'>celum</span> <span class='ocrx_word' id='word_1_605' title='bbox 2058 2475 2082 2520; x_wconf 83' lang='lat' dir='ltr'>et</span> <span class='ocrx_word' id='word_1_606' title='bbox 2099 2477 2202 2524; x_wconf 81' lang='lat' dir='ltr'>terrum.</span> <span class='ocrx_word' id='word_1_607' title='bbox 2215 2471 2257 2528; x_wconf 87' lang='lat' dir='ltr'>Sic</span> 
     </span>
     <span class='ocr_line' id='line_1_80' title="bbox 1469 2537 2256 2622; baseline 0.039 -35"><span class='ocrx_word' id='word_1_608' title='bbox 1469 2547 1533 2604; x_wconf 84' lang='lat' dir='ltr'>ergo</span> <span class='ocrx_word' id='word_1_609' title='bbox 1543 2537 1724 2607; x_wconf 89' lang='lat' dir='ltr'>accipiendum</span> <span class='ocrx_word' id='word_1_610' title='bbox 1732 2552 1791 2600; x_wconf 89' lang='lat' dir='ltr'>est:</span> <span class='ocrx_word' id='word_1_611' title='bbox 1804 2544 1832 2600; x_wconf 93' lang='lat' dir='ltr'>ln</span> <span class='ocrx_word' id='word_1_612' title='bbox 1844 2549 2039 2622; x_wconf 88' lang='lat' dir='ltr'>principiolecit</span> <span class='ocrx_word' id='word_1_613' title='bbox 2047 2555 2222 2617; x_wconf 81' lang='lat' dir='ltr'>lleuscoelunr</span> <span class='ocrx_word' id='word_1_614' title='bbox 2231 2572 2256 2619; x_wconf 86' lang='lat' dir='ltr'>et</span> 
     </span>
     <span class='ocr_line' id='line_1_81' title="bbox 1469 2626 2256 2715; baseline 0.042 -40"><span class='ocrx_word' id='word_1_615' title='bbox 1469 2630 1585 2691; x_wconf 85' lang='lat' dir='ltr'>tcrmm;</span> <span class='ocrx_word' id='word_1_616' title='bbox 1602 2626 1659 2682; x_wconf 82' lang='lat' dir='ltr'>luce</span> <span class='ocrx_word' id='word_1_617' title='bbox 1672 2639 1761 2688; x_wconf 87' lang='lat' dir='ltr'>autem</span> <span class='ocrx_word' id='word_1_618' title='bbox 1776 2642 1845 2690; x_wconf 85' lang='lat' dir='ltr'>terra</span> <span class='ocrx_word' id='word_1_619' title='bbox 1858 2652 1937 2707; x_wconf 88' lang='lat' dir='ltr'>quatu</span> <span class='ocrx_word' id='word_1_620' title='bbox 1950 2641 2019 2698; x_wconf 85' lang='lat' dir='ltr'>Deus</span> <span class='ocrx_word' id='word_1_621' title='bbox 2031 2645 2104 2715; x_wconf 90' lang='lat' dir='ltr'>lecit,</span> <span class='ocrx_word' id='word_1_622' title='bbox 2120 2648 2256 2708; x_wconf 81' lang='lat' dir='ltr'>tmtstbttts</span> 
     </span>
     <span class='ocr_line' id='line_1_82' title="bbox 1468 2716 2255 2806; baseline 0.042 -41"><span class='ocrx_word' id='word_1_623' title='bbox 1468 2723 1526 2767; x_wconf 89' lang='lat' dir='ltr'>erat</span> <span class='ocrx_word' id='word_1_624' title='bbox 1539 2724 1564 2770; x_wconf 93' lang='lat' dir='ltr'>et</span> <span class='ocrx_word' id='word_1_625' title='bbox 1579 2716 1762 2789; x_wconf 85' lang='lat' dir='ltr'>incomposita,</span> <span class='ocrx_word' id='word_1_626' title='bbox 1776 2723 1861 2782; x_wconf 87' lang='lat' dir='ltr'>donec</span> <span class='ocrx_word' id='word_1_627' title='bbox 1873 2729 1907 2784; x_wconf 89' lang='lat' dir='ltr'>ab</span> <span class='ocrx_word' id='word_1_628' title='bbox 1919 2729 2011 2787; x_wconf 89' lang='lat' dir='ltr'>eodem</span> <span class='ocrx_word' id='word_1_629' title='bbox 2025 2735 2083 2806; x_wconf 92' lang='lat' dir='ltr'>ipso</span> <span class='ocrx_word' id='word_1_630' title='bbox 2094 2737 2255 2799; x_wconf 85' lang='lat' dir='ltr'>discerncre·</span> 
     </span>
     <span class='ocr_line' id='line_1_83' title="bbox 1468 2806 2253 2889; baseline 0.045 -35"><span class='ocrx_word' id='word_1_631' title='bbox 1468 2806 1525 2865; x_wconf 91' lang='lat' dir='ltr'>tur,</span> <span class='ocrx_word' id='word_1_632' title='bbox 1542 2815 1568 2859; x_wconf 93' lang='lat' dir='ltr'>et</span> <span class='ocrx_word' id='word_1_633' title='bbox 1583 2822 1614 2861; x_wconf 87' lang='grc' dir='ltr'>ιι</span> <span class='ocrx_word' id='word_1_634' title='bbox 1629 2809 1783 2869; x_wconf 79' lang='lat' dir='ltr'>confusione</span> <span class='ocrx_word' id='word_1_635' title='bbox 1803 2816 1829 2870; x_wconf 94' lang='lat' dir='ltr'>iu</span> <span class='ocrx_word' id='word_1_636' title='bbox 1844 2833 1932 2874; x_wconf 89' lang='lat' dir='ltr'>rerum</span> <span class='ocrx_word' id='word_1_637' title='bbox 1951 2832 2025 2880; x_wconf 85' lang='lat' dir='ltr'>certe</span> <span class='ocrx_word' id='word_1_638' title='bbox 2042 2827 2139 2883; x_wconf 89' lang='lat' dir='ltr'>ordine</span> <span class='ocrx_word' id='word_1_639' title='bbox 2158 2835 2253 2889; x_wconf 88' lang='lat' dir='ltr'>consti·</span> 
     </span>
     <span class='ocr_line' id='line_1_84' title="bbox 1468 2901 2254 2982; baseline 0.045 -35"><span class='ocrx_word' id='word_1_640' title='bbox 1468 2901 1595 2951; x_wconf 87' lang='lat' dir='ltr'>tueretur.</span> <span class='ocrx_word' id='word_1_641' title='bbox 1611 2902 1652 2954; x_wconf 88' lang='lat' dir='ltr'>ltn</span> <span class='ocrx_word' id='word_1_642' title='bbox 1667 2905 1705 2956; x_wconf 85' lang='lat' dir='ltr'>sic</span> <span class='ocrx_word' id='word_1_643' title='bbox 1720 2906 1813 2961; x_wconf 87' lang='lat' dir='ltr'>melius</span> <span class='ocrx_word' id='word_1_644' title='bbox 1825 2908 1986 2982; x_wconf 87' lang='lat' dir='ltr'>intelligitur,</span> <span class='ocrx_word' id='word_1_645' title='bbox 2002 2924 2031 2971; x_wconf 91' lang='lat' dir='ltr'>ut</span> <span class='ocrx_word' id='word_1_646' title='bbox 2044 2913 2071 2972; x_wconf 89' lang='lat' dir='ltr'>iu</span> <span class='ocrx_word' id='word_1_647' title='bbox 2084 2918 2135 2977; x_wconf 84' lang='lat' dir='ltr'>bae</span> <span class='ocrx_word' id='word_1_648' title='bbox 2148 2938 2254 2981; x_wconf 83' lang='lat' dir='ltr'>exsecu·</span> 
     </span>
     <span class='ocr_line' id='line_1_85' title="bbox 1467 2982 2252 3082; baseline 0.045 -46"><span class='ocrx_word' id='word_1_649' title='bbox 1467 2982 1537 3040; x_wconf 89' lang='lat' dir='ltr'>tione</span> <span class='ocrx_word' id='word_1_650' title='bbox 1552 3003 1642 3043; x_wconf 86' lang='lat' dir='ltr'>rursus</span> <span class='ocrx_word' id='word_1_651' title='bbox 1659 2991 1751 3048; x_wconf 86' lang='lat' dir='ltr'>eadem</span> <span class='ocrx_word' id='word_1_652' title='bbox 1771 3010 1859 3052; x_wconf 88' lang='lat' dir='ltr'>rcrutu</span> <span class='ocrx_word' id='word_1_653' title='bbox 1875 3003 1999 3060; x_wconf 86' lang='lat' dir='ltr'>materies</span> <span class='ocrx_word' id='word_1_654' title='bbox 2013 3012 2252 3082; x_wconf 84' lang='lat' dir='ltr'>commendaretur,</span> 
     </span>
     <span class='ocr_line' id='line_1_86' title="bbox 1465 3079 2253 3170; baseline 0.046 -44"><span class='ocrx_word' id='word_1_655' title='bbox 1465 3089 1524 3141; x_wconf 72' lang='lat' dir='ltr'>qua&gt;</span> <span class='ocrx_word' id='word_1_656' title='bbox 1536 3079 1658 3147; x_wconf 87' lang='lat' dir='ltr'>superius</span> <span class='ocrx_word' id='word_1_657' title='bbox 1670 3084 1730 3138; x_wconf 85' lang='lat' dir='ltr'>coeli</span> <span class='ocrx_word' id='word_1_658' title='bbox 1743 3091 1769 3139; x_wconf 91' lang='lat' dir='ltr'>ct</span> <span class='ocrx_word' id='word_1_659' title='bbox 1782 3095 1860 3143; x_wconf 80' lang='lat' dir='ltr'>terne</span> <span class='ocrx_word' id='word_1_660' title='bbox 1873 3093 1980 3149; x_wconf 84' lang='lat' dir='ltr'>rromine</span> <span class='ocrx_word' id='word_1_661' title='bbox 1996 3112 2146 3170; x_wconf 83' lang='lat' dir='ltr'>nuncupata</span> <span class='ocrx_word' id='word_1_662' title='bbox 2160 3112 2211 3164; x_wconf 84' lang='lat' dir='ltr'>est.</span> <span class='ocrx_word' id='word_1_663' title='bbox 2227 3117 2253 3162; x_wconf 90' lang='lat' dir='ltr'>ut</span> 
     </span>
     <span class='ocr_line' id='line_1_87' title="bbox 1465 3165 2252 3252; baseline 0.043 -33"><span class='ocrx_word' id='word_1_664' title='bbox 1465 3165 1514 3221; x_wconf 85' lang='lat' dir='ltr'>iste</span> <span class='ocrx_word' id='word_1_665' title='bbox 1528 3168 1562 3221; x_wconf 87' lang='lat' dir='ltr'>sit</span> <span class='ocrx_word' id='word_1_666' title='bbox 1578 3185 1671 3226; x_wconf 91' lang='lat' dir='ltr'>sensus</span> <span class='ocrx_word' id='word_1_667' title='bbox 1686 3190 1693 3228; x_wconf 93' lang='lat'>:</span> <span class='ocrx_word' id='word_1_668' title='bbox 1707 3173 1734 3228; x_wconf 90' lang='lat' dir='ltr'>lu</span> <span class='ocrx_word' id='word_1_669' title='bbox 1747 3178 1877 3250; x_wconf 90' lang='lat' dir='ltr'>principio</span> <span class='ocrx_word' id='word_1_670' title='bbox 1891 3181 1952 3239; x_wconf 88' lang='lat' dir='ltr'>lecit</span> <span class='ocrx_word' id='word_1_671' title='bbox 1968 3185 2036 3243; x_wconf 85' lang='lat' dir='ltr'>lleus</span> <span class='ocrx_word' id='word_1_672' title='bbox 2049 3191 2148 3248; x_wconf 77' lang='lat' dir='ltr'>coelum</span> <span class='ocrx_word' id='word_1_673' title='bbox 2164 3204 2191 3251; x_wconf 93' lang='lat' dir='ltr'>et</span> <span class='ocrx_word' id='word_1_674' title='bbox 2203 3205 2252 3252; x_wconf 88' lang='lat' dir='ltr'>ter·</span> 
     </span>
     <span class='ocr_line' id='line_1_88' title="bbox 1464 3259 2251 3352; baseline 0.043 -45"><span class='ocrx_word' id='word_1_675' title='bbox 1464 3269 1537 3320; x_wconf 90' lang='lat' dir='ltr'>raru;</span> <span class='ocrx_word' id='word_1_676' title='bbox 1554 3259 1603 3313; x_wconf 92' lang='lat' dir='ltr'>boe</span> <span class='ocrx_word' id='word_1_677' title='bbox 1623 3270 1711 3317; x_wconf 89' lang='lat' dir='ltr'>autem</span> <span class='ocrx_word' id='word_1_678' title='bbox 1732 3266 1801 3334; x_wconf 92' lang='lat' dir='ltr'>quod</span> <span class='ocrx_word' id='word_1_679' title='bbox 1823 3270 1918 3325; x_wconf 85' lang='lat' dir='ltr'>coelunt</span> <span class='ocrx_word' id='word_1_680' title='bbox 1939 3283 1966 3329; x_wconf 92' lang='lat' dir='ltr'>et</span> <span class='ocrx_word' id='word_1_681' title='bbox 1986 3283 2057 3332; x_wconf 90' lang='lat' dir='ltr'>terra</span> <span class='ocrx_word' id='word_1_682' title='bbox 2081 3279 2180 3338; x_wconf 87' lang='lat' dir='ltr'>dictum</span> <span class='ocrx_word' id='word_1_683' title='bbox 2202 3296 2251 3352; x_wconf 88' lang='lat' dir='ltr'>est,</span> 
     </span>
     <span class='ocr_line' id='line_1_89' title="bbox 1464 3347 2252 3444; baseline 0.046 -49"><span class='ocrx_word' id='word_1_684' title='bbox 1464 3348 1533 3396; x_wconf 89' lang='lat' dir='ltr'>terra</span> <span class='ocrx_word' id='word_1_685' title='bbox 1546 3356 1602 3400; x_wconf 88' lang='lat' dir='ltr'>crat</span> <span class='ocrx_word' id='word_1_686' title='bbox 1615 3347 1755 3407; x_wconf 76' lang='lat' dir='ltr'>inuisibilis</span> <span class='ocrx_word' id='word_1_687' title='bbox 1767 3363 1793 3409; x_wconf 94' lang='lat' dir='ltr'>ct</span> <span class='ocrx_word' id='word_1_688' title='bbox 1807 3356 1993 3431; x_wconf 82' lang='lat' dir='ltr'>incomposita,</span> <span class='ocrx_word' id='word_1_689' title='bbox 2008 3375 2036 3420; x_wconf 93' lang='lat' dir='ltr'>et</span> <span class='ocrx_word' id='word_1_690' title='bbox 2049 3370 2166 3426; x_wconf 67' lang='lat' dir='ltr'>tenebrae</span> <span class='ocrx_word' id='word_1_691' title='bbox 2175 3388 2252 3444; x_wconf 84' lang='lat' dir='ltr'>super</span> 
     </span>
     <span class='ocr_line' id='line_1_90' title="bbox 1462 3432 2250 3528; baseline 0.047 -43"><span class='ocrx_word' id='word_1_692' title='bbox 1462 3432 1603 3504; x_wconf 81' lang='lat' dir='ltr'>olryssum3</span> <span class='ocrx_word' id='word_1_693' title='bbox 1619 3437 1645 3493; x_wconf 89' lang='lat' dir='ltr'>id</span> <span class='ocrx_word' id='word_1_694' title='bbox 1658 3449 1708 3506; x_wconf 90' lang='lat' dir='ltr'>est,</span> <span class='ocrx_word' id='word_1_695' title='bbox 1722 3444 1791 3513; x_wconf 92' lang='lat' dir='ltr'>quod</span> <span class='ocrx_word' id='word_1_696' title='bbox 1803 3447 1900 3503; x_wconf 85' lang='lat' dir='ltr'>eoelum</span> <span class='ocrx_word' id='word_1_697' title='bbox 1912 3461 1940 3506; x_wconf 90' lang='lat' dir='ltr'>ct</span> <span class='ocrx_word' id='word_1_698' title='bbox 1950 3462 2019 3509; x_wconf 83' lang='lat' dir='ltr'>terra</span> <span class='ocrx_word' id='word_1_699' title='bbox 2029 3460 2191 3528; x_wconf 84' lang='lat' dir='ltr'>appellatum</span> <span class='ocrx_word' id='word_1_700' title='bbox 2201 3474 2250 3528; x_wconf 85' lang='lat' dir='ltr'>est.</span> 
     </span>
     <span class='ocr_line' id='line_1_91' title="bbox 1462 3524 2251 3627; baseline 0.047 -52"><span class='ocrx_word' id='word_1_701' title='bbox 1462 3524 1587 3579; x_wconf 87' lang='lat' dir='ltr'>materies</span> <span class='ocrx_word' id='word_1_702' title='bbox 1600 3537 1657 3582; x_wconf 86' lang='lat' dir='ltr'>crat</span> <span class='ocrx_word' id='word_1_703' title='bbox 1669 3531 1777 3587; x_wconf 86' lang='lat' dir='ltr'>enoiosa</span> <span class='ocrx_word' id='word_1_704' title='bbox 1790 3538 1929 3607; x_wconf 70' lang='lat' dir='ltr'>quaedam,</span> <span class='ocrx_word' id='word_1_705' title='bbox 1943 3541 1976 3598; x_wconf 88' lang='lat' dir='ltr'>de</span> <span class='ocrx_word' id='word_1_706' title='bbox 1990 3562 2042 3615; x_wconf 89' lang='lat' dir='ltr'>qua</span> <span class='ocrx_word' id='word_1_707' title='bbox 2056 3552 2189 3620; x_wconf 84' lang='lat' dir='ltr'>mundus,</span> <span class='ocrx_word' id='word_1_708' title='bbox 2208 3557 2251 3627; x_wconf 91' lang='lat' dir='ltr'>qni</span> 
     </span>
     <span class='ocr_line' id='line_1_92' title="bbox 1461 3609 2250 3702; baseline 0.047 -39"><span class='ocrx_word' id='word_1_709' title='bbox 1461 3609 1562 3668; x_wconf 86' lang='lat' dir='ltr'>duabus</span> <span class='ocrx_word' id='word_1_710' title='bbox 1586 3618 1708 3675; x_wconf 80' lang='lat' dir='ltr'>ritasiuris</span> <span class='ocrx_word' id='word_1_711' title='bbox 1733 3624 1891 3695; x_wconf 74' lang='lat' dir='ltr'>¹portibus,</span> <span class='ocrx_word' id='word_1_712' title='bbox 1916 3633 1985 3687; x_wconf 84' lang='lat' dir='ltr'>coelo</span> <span class='ocrx_word' id='word_1_713' title='bbox 2006 3638 2109 3695; x_wconf 87' lang='lat' dir='ltr'>scilicet</span> <span class='ocrx_word' id='word_1_714' title='bbox 2132 3652 2160 3698; x_wconf 91' lang='lat' dir='ltr'>et</span> <span class='ocrx_word' id='word_1_715' title='bbox 2185 3655 2250 3702; x_wconf 87' lang='grc' dir='ltr'><strong>ιιιτι</strong></span> 
     </span>
     <span class='ocr_line' id='line_1_93' title="bbox 1460 3704 2249 3793; baseline 0.048 -40"><span class='ocrx_word' id='word_1_716' title='bbox 1460 3710 1577 3769; x_wconf 78' lang='lat' dir='ltr'>constat,</span> <span class='ocrx_word' id='word_1_717' title='bbox 1591 3704 1700 3776; x_wconf 89' lang='lat' dir='ltr'>digestis</span> <span class='ocrx_word' id='word_1_718' title='bbox 1718 3710 1857 3769; x_wconf 84' lang='lat' dir='ltr'>clementis</span> <span class='ocrx_word' id='word_1_719' title='bbox 1876 3728 1901 3773; x_wconf 93' lang='lat' dir='ltr'>ct</span> <span class='ocrx_word' id='word_1_720' title='bbox 1920 3731 2027 3793; x_wconf 82' lang='lat' dir='ltr'>accepta</span> <span class='ocrx_word' id='word_1_721' title='bbox 2041 3723 2125 3783; x_wconf 89' lang='lat' dir='ltr'>iorrua</span> <span class='ocrx_word' id='word_1_722' title='bbox 2138 3729 2249 3789; x_wconf 80' lang='lat' dir='ltr'>lubrica-</span> 
     </span>
     <span class='ocr_line' id='line_1_94' title="bbox 1459 3794 2248 3892; baseline 0.051 -50"><span class='ocrx_word' id='word_1_723' title='bbox 1459 3794 1549 3847; x_wconf 83' lang='lat' dir='ltr'>retur?</span> <span class='ocrx_word' id='word_1_724' title='bbox 1574 3794 1638 3863; x_wconf 76' lang='lat' dir='ltr'>oure</span> <span class='ocrx_word' id='word_1_725' title='bbox 1659 3799 1779 3857; x_wconf 85' lang='lat' dir='ltr'>conlusio</span> <span class='ocrx_word' id='word_1_726' title='bbox 1805 3810 1922 3864; x_wconf 81' lang='lat' dir='ltr'>materiae</span> <span class='ocrx_word' id='word_1_727' title='bbox 1945 3813 1984 3868; x_wconf 90' lang='lat' dir='ltr'>sic</span> <span class='ocrx_word' id='word_1_728' title='bbox 2011 3819 2103 3892; x_wconf 49' lang='lat' dir='ltr'>potuit,</span> <span class='ocrx_word' id='word_1_729' title='bbox 2123 3822 2248 3881; x_wconf 84' lang='lat' dir='ltr'>insinuari</span> 
     </span>
     <span class='ocr_line' id='line_1_95' title="bbox 1459 3882 2249 3972; baseline 0.053 -41"><span class='ocrx_word' id='word_1_730' title='bbox 1459 3882 1578 3949; x_wconf 84' lang='lat' dir='ltr'>populari</span> <span class='ocrx_word' id='word_1_731' title='bbox 1595 3886 1783 3958; x_wconf 81' lang='lat' dir='ltr'>intelligentie,</span> <span class='ocrx_word' id='word_1_732' title='bbox 1798 3895 1821 3949; x_wconf 90' lang='lat' dir='ltr'>si</span> <span class='ocrx_word' id='word_1_733' title='bbox 1836 3896 1968 3957; x_wconf 88' lang='lat' dir='ltr'>diceretur</span> <span class='ocrx_word' id='word_1_734' title='bbox 1983 3914 2052 3961; x_wconf 87' lang='lat' dir='ltr'>terro</span> <span class='ocrx_word' id='word_1_735' title='bbox 2066 3908 2207 3972; x_wconf 81' lang='lat' dir='ltr'>invisibilis</span> <span class='ocrx_word' id='word_1_736' title='bbox 2223 3930 2249 3972; x_wconf 88' lang='grc' dir='ltr'>ιι</span> 
     </span>
     <span class='ocr_line' id='line_1_96' title="bbox 1457 3967 2248 4066; baseline 0.057 -46"><span class='ocrx_word' id='word_1_737' title='bbox 1457 3967 1642 4043; x_wconf 88' lang='lat' dir='ltr'>incomposita,</span> <span class='ocrx_word' id='word_1_738' title='bbox 1657 3977 1698 4032; x_wconf 82' lang='lat' dir='ltr'>rel</span> <span class='ocrx_word' id='word_1_739' title='bbox 1711 3978 1870 4052; x_wconf 86' lang='lat' dir='ltr'>inordinata,</span> <span class='ocrx_word' id='word_1_740' title='bbox 1887 3990 1928 4043; x_wconf 82' lang='lat' dir='ltr'>rel</span> <span class='ocrx_word' id='word_1_741' title='bbox 1942 3991 2080 4066; x_wconf 85' lang='lat' dir='ltr'>imparata,</span> <span class='ocrx_word' id='word_1_742' title='bbox 2093 4009 2122 4056; x_wconf 92' lang='lat' dir='ltr'>et</span> <span class='ocrx_word' id='word_1_743' title='bbox 2135 4007 2248 4063; x_wconf 77' lang='lat' dir='ltr'>tenebrae</span> 
     </span>
     <span class='ocr_line' id='line_1_97' title="bbox 1457 4062 2248 4152; baseline 0.048 -39"><span class='ocrx_word' id='word_1_744' title='bbox 1457 4072 1536 4128; x_wconf 87' lang='lat' dir='ltr'>super</span> <span class='ocrx_word' id='word_1_745' title='bbox 1550 4062 1688 4134; x_wconf 84' lang='lat' dir='ltr'>alryssunt,</span> <span class='ocrx_word' id='word_1_746' title='bbox 1707 4069 1731 4123; x_wconf 92' lang='lat' dir='ltr'>id</span> <span class='ocrx_word' id='word_1_747' title='bbox 1747 4080 1788 4125; x_wconf 88' lang='lat' dir='ltr'>est</span> <span class='ocrx_word' id='word_1_748' title='bbox 1804 4088 1888 4145; x_wconf 89' lang='lat' dir='ltr'>super</span> <span class='ocrx_word' id='word_1_749' title='bbox 1908 4081 2111 4148; x_wconf 89' lang='lat' dir='ltr'>prolunditatem</span> <span class='ocrx_word' id='word_1_750' title='bbox 2132 4097 2248 4152; x_wconf 73' lang='lat' dir='ltr'>uastissi-</span> 
     </span>
     <span class='ocr_line' id='line_1_98' title="bbox 1457 4161 2246 4244; baseline 0.057 -45"><span class='ocrx_word' id='word_1_751' title='bbox 1457 4162 1525 4202; x_wconf 85' lang='lat' dir='ltr'>muu</span> <span class='ocrx_word' id='word_1_752' title='bbox 1539 4168 1545 4203; x_wconf 91' lang='lat'>:</span> <span class='ocrx_word' id='word_1_753' title='bbox 1558 4167 1617 4221; x_wconf 77' lang='lat' dir='ltr'>quae</span> <span class='ocrx_word' id='word_1_754' title='bbox 1629 4171 1720 4212; x_wconf 83' lang='lat' dir='ltr'>nusus</span> <span class='ocrx_word' id='word_1_755' title='bbox 1732 4161 1894 4228; x_wconf 82' lang='lat' dir='ltr'>protonotus</span> <span class='ocrx_word' id='word_1_756' title='bbox 1905 4184 1937 4225; x_wconf 86' lang='lat' dir='ltr'>ex</span> <span class='ocrx_word' id='word_1_757' title='bbox 1948 4187 1980 4227; x_wconf 91' lang='lat' dir='ltr'>co</span> <span class='ocrx_word' id='word_1_758' title='bbox 1990 4173 2104 4236; x_wconf 87' lang='lat' dir='ltr'>lortasse</span> <span class='ocrx_word' id='word_1_759' title='bbox 2114 4185 2246 4244; x_wconf 85' lang='lat' dir='ltr'>nominata</span> 
     </span>
     <span class='ocr_line' id='line_1_99' title="bbox 1455 4243 2245 4338; baseline 0.057 -49"><span class='ocrx_word' id='word_1_760' title='bbox 1455 4248 1513 4304; x_wconf 74' lang='lat' dir='ltr'>est,</span> <span class='ocrx_word' id='word_1_761' title='bbox 1528 4243 1589 4311; x_wconf 83' lang='lat' dir='ltr'>qiua</span> <span class='ocrx_word' id='word_1_762' title='bbox 1605 4245 1701 4302; x_wconf 88' lang='lat' dir='ltr'>nullius</span> <span class='ocrx_word' id='word_1_763' title='bbox 1716 4249 1887 4324; x_wconf 83' lang='lat' dir='ltr'>intelligentia</span> <span class='ocrx_word' id='word_1_764' title='bbox 1906 4272 2015 4333; x_wconf 88' lang='lat' dir='ltr'>propter</span> <span class='ocrx_word' id='word_1_765' title='bbox 2027 4265 2112 4338; x_wconf 89' lang='lat' dir='ltr'>ipsam</span> <span class='ocrx_word' id='word_1_766' title='bbox 2127 4273 2245 4332; x_wconf 87' lang='lat' dir='ltr'>itrlormi·</span> 
     </span>
     <span class='ocr_line' id='line_1_100' title="bbox 1456 4338 1792 4410; baseline 0.054 -28"><span class='ocrx_word' id='word_1_767' title='bbox 1456 4338 1535 4385; x_wconf 87' lang='lat' dir='ltr'>tatem</span> <span class='ocrx_word' id='word_1_768' title='bbox 1550 4341 1680 4404; x_wconf 78' lang='lat' dir='ltr'>penetrari</span> <span class='ocrx_word' id='word_1_769' title='bbox 1695 4352 1792 4410; x_wconf 88' lang='lat' dir='ltr'>potest.</span> 
     </span>
    </p>

    <p class='ocr_par' dir='ltr' id='par_1_7' title="bbox 1449 4424 2245 5171">
     <span class='ocr_line' id='line_1_101' title="bbox 1491 4424 2245 4519; baseline 0.056 -44"><span class='ocrx_word' id='word_1_770' title='bbox 1491 4424 1533 4477; x_wconf 72' lang='lat' dir='ltr'>tu.</span> <span class='ocrx_word' id='word_1_771' title='bbox 1553 4424 1587 4479; x_wconf 80' lang='lat' dir='ltr'>Et</span> <span class='ocrx_word' id='word_1_772' title='bbox 1601 4431 1708 4486; x_wconf 74' lang='lat' dir='ltr'>tenebris</span> <span class='ocrx_word' id='word_1_773' title='bbox 1724 4446 1795 4490; x_wconf 82' lang='lat' dir='ltr'>erotu</span> <span class='ocrx_word' id='word_1_774' title='bbox 1808 4455 1883 4510; x_wconf 81' lang='lat' dir='ltr'>super</span> <span class='ocrx_word' id='word_1_775' title='bbox 1897 4443 2023 4518; x_wconf 77' lang='lat' dir='ltr'>atqsoim.</span> <span class='ocrx_word' id='word_1_776' title='bbox 2039 4451 2135 4512; x_wconf 84' lang='lat' dir='ltr'>Utrum</span> <span class='ocrx_word' id='word_1_777' title='bbox 2155 4461 2245 4519; x_wconf 88' lang='lat' dir='ltr'>subter</span> 
     </span>
     <span class='ocr_line' id='line_1_102' title="bbox 1456 4515 2243 4613; baseline 0.055 -44"><span class='ocrx_word' id='word_1_778' title='bbox 1456 4515 1567 4588; x_wconf 77' lang='lat' dir='ltr'>aliyssus</span> <span class='ocrx_word' id='word_1_779' title='bbox 1580 4530 1637 4576; x_wconf 88' lang='lat' dir='ltr'>erat</span> <span class='ocrx_word' id='word_1_780' title='bbox 1649 4532 1677 4579; x_wconf 89' lang='lat' dir='ltr'>et</span> <span class='ocrx_word' id='word_1_781' title='bbox 1689 4541 1768 4597; x_wconf 90' lang='lat' dir='ltr'>supra</span> <span class='ocrx_word' id='word_1_782' title='bbox 1782 4533 1907 4599; x_wconf 68' lang='lat' dir='ltr'>tenebrae,</span> <span class='ocrx_word' id='word_1_783' title='bbox 1923 4542 1998 4609; x_wconf 86' lang='lat' dir='ltr'>quasi</span> <span class='ocrx_word' id='word_1_784' title='bbox 2010 4544 2066 4613; x_wconf 80' lang='lat' dir='ltr'>jani</span> <span class='ocrx_word' id='word_1_785' title='bbox 2078 4545 2136 4604; x_wconf 85' lang='lat' dir='ltr'>loca</span> <span class='ocrx_word' id='word_1_786' title='bbox 2149 4551 2243 4610; x_wconf 81' lang='lat' dir='ltr'>distin·</span> 
     </span>
     <span class='ocr_line' id='line_1_103' title="bbox 1453 4612 2241 4702; baseline 0.055 -42"><span class='ocrx_word' id='word_1_787' title='bbox 1453 4615 1495 4660; x_wconf 90' lang='lat' dir='ltr'>cta</span> <span class='ocrx_word' id='word_1_788' title='bbox 1507 4612 1614 4665; x_wconf 78' lang='lat' dir='ltr'>essenti</span> <span class='ocrx_word' id='word_1_789' title='bbox 1627 4613 1667 4667; x_wconf 73' lang='lat' dir='ltr'>Au</span> <span class='ocrx_word' id='word_1_790' title='bbox 1683 4621 1806 4687; x_wconf 90' lang='lat' dir='ltr'>quoniam</span> <span class='ocrx_word' id='word_1_791' title='bbox 1820 4628 1937 4682; x_wconf 74' lang='lat' dir='ltr'>materie</span> <span class='ocrx_word' id='word_1_792' title='bbox 1951 4632 2038 4691; x_wconf 85' lang='lat' dir='ltr'>adlure</span> <span class='ocrx_word' id='word_1_793' title='bbox 2054 4641 2177 4699; x_wconf 90' lang='lat' dir='ltr'>enulusin</span> <span class='ocrx_word' id='word_1_794' title='bbox 2195 4661 2241 4702; x_wconf 86' lang='lat' dir='ltr'>ex·</span> 
     </span>
     <span class='ocr_line' id='line_1_104' title="bbox 1452 4700 2241 4796; baseline 0.06 -46"><span class='ocrx_word' id='word_1_795' title='bbox 1452 4700 1574 4767; x_wconf 86' lang='lat' dir='ltr'>ponitur,</span> <span class='ocrx_word' id='word_1_796' title='bbox 1589 4706 1658 4774; x_wconf 92' lang='lat' dir='ltr'>quod</span> <span class='ocrx_word' id='word_1_797' title='bbox 1672 4709 1750 4765; x_wconf 90' lang='lat' dir='ltr'>etiam</span> <span class='ocrx_word' id='word_1_798' title='bbox 1764 4726 1822 4781; x_wconf 73' lang='grc' dir='ltr'><strong>χαις</strong></span> <span class='ocrx_word' id='word_1_799' title='bbox 1835 4733 1922 4787; x_wconf 77' lang='lat' dir='ltr'>grece</span> <span class='ocrx_word' id='word_1_800' title='bbox 1935 4722 2047 4794; x_wconf 90' lang='lat' dir='ltr'>dicitur,</span> <span class='ocrx_word' id='word_1_801' title='bbox 2064 4732 2126 4790; x_wconf 89' lang='lat' dir='ltr'>ideo</span> <span class='ocrx_word' id='word_1_802' title='bbox 2142 4736 2241 4796; x_wconf 88' lang='lat' dir='ltr'>dictum</span> 
     </span>
     <span class='ocr_line' id='line_1_105' title="bbox 1451 4793 2237 4888; baseline 0.06 -47"><span class='ocrx_word' id='word_1_803' title='bbox 1451 4795 1508 4852; x_wconf 89' lang='lat' dir='ltr'>est,</span> <span class='ocrx_word' id='word_1_804' title='bbox 1525 4793 1631 4849; x_wconf 83' lang='grc' dir='ltr'><strong>ιιιιιιιιι</strong></span> <span class='ocrx_word' id='word_1_805' title='bbox 1644 4810 1714 4854; x_wconf 82' lang='lat' dir='ltr'>erem</span> <span class='ocrx_word' id='word_1_806' title='bbox 1726 4819 1803 4873; x_wconf 75' lang='lat' dir='ltr'>rupo</span> <span class='ocrx_word' id='word_1_807' title='bbox 1820 4810 1954 4883; x_wconf 75' lang='lat' dir='ltr'>elysium,</span> <span class='ocrx_word' id='word_1_808' title='bbox 1968 4820 2028 4888; x_wconf 84' lang='lat' dir='ltr'>quin</span> <span class='ocrx_word' id='word_1_809' title='bbox 2042 4822 2085 4879; x_wconf 83' lang='lat' dir='ltr'>lux</span> <span class='ocrx_word' id='word_1_810' title='bbox 2099 4841 2152 4883; x_wconf 90' lang='lat' dir='ltr'>non</span> <span class='ocrx_word' id='word_1_811' title='bbox 2163 4842 2237 4887; x_wconf 85' lang='lat' dir='ltr'>erat:</span> 
     </span>
     <span class='ocr_line' id='line_1_106' title="bbox 1450 4881 2239 4979; baseline 0.062 -49"><span class='ocrx_word' id='word_1_812' title='bbox 1450 4881 1543 4947; x_wconf 76' lang='lat' dir='ltr'>quusi</span> <span class='ocrx_word' id='word_1_813' title='bbox 1558 4893 1643 4953; x_wconf 87' lang='lat' dir='ltr'>essct,</span> <span class='ocrx_word' id='word_1_814' title='bbox 1658 4888 1748 4960; x_wconf 87' lang='lat' dir='ltr'>utique</span> <span class='ocrx_word' id='word_1_815' title='bbox 1761 4908 1840 4965; x_wconf 89' lang='lat' dir='ltr'>supra</span> <span class='ocrx_word' id='word_1_816' title='bbox 1854 4913 1942 4968; x_wconf 73' lang='lat' dir='ltr'>esset,</span> <span class='ocrx_word' id='word_1_817' title='bbox 1962 4909 2022 4977; x_wconf 87' lang='lat' dir='ltr'>quiu</span> <span class='ocrx_word' id='word_1_818' title='bbox 2037 4924 2109 4970; x_wconf 86' lang='lat' dir='ltr'>essct</span> <span class='ocrx_word' id='word_1_819' title='bbox 2122 4920 2239 4979; x_wconf 86' lang='lat' dir='ltr'>emiuen-</span> 
     </span>
     <span class='ocr_line' id='line_1_107' title="bbox 1449 4967 2238 5068; baseline 0.063 -49"><span class='ocrx_word' id='word_1_820' title='bbox 1449 4967 1515 5035; x_wconf 90' lang='lat' dir='ltr'>tior,</span> <span class='ocrx_word' id='word_1_821' title='bbox 1532 4980 1559 5025; x_wconf 90' lang='grc' dir='ltr'>ιι</span> <span class='ocrx_word' id='word_1_822' title='bbox 1573 4988 1603 5027; x_wconf 89' lang='grc' dir='ltr'>ιι</span> <span class='ocrx_word' id='word_1_823' title='bbox 1618 4991 1677 5045; x_wconf 79' lang='lat' dir='ltr'>qum</span> <span class='ocrx_word' id='word_1_824' title='bbox 1692 4980 1740 5034; x_wconf 91' lang='lat' dir='ltr'>sibi</span> <span class='ocrx_word' id='word_1_825' title='bbox 1761 4984 1877 5055; x_wconf 81' lang='lat' dir='ltr'>subjecta</span> <span class='ocrx_word' id='word_1_826' title='bbox 1892 5005 1984 5062; x_wconf 82' lang='lat' dir='ltr'>orarit,</span> <span class='ocrx_word' id='word_1_827' title='bbox 2008 4999 2190 5064; x_wconf 76' lang='lat' dir='ltr'>illuminaret!</span> <span class='ocrx_word' id='word_1_828' title='bbox 2207 5012 2238 5068; x_wconf 84' lang='grc' dir='ltr'>Ει</span> 
     </span>
     <span class='ocr_line' id='line_1_108' title="bbox 1449 5065 2235 5171; baseline 0.066 -61"><span class='ocrx_word' id='word_1_829' title='bbox 1449 5071 1541 5115; x_wconf 83' lang='grc' dir='ltr'><strong>ιιιιιι</strong></span> <span class='ocrx_word' id='word_1_830' title='bbox 1562 5065 1606 5133; x_wconf 92' lang='lat' dir='ltr'>qui</span> <span class='ocrx_word' id='word_1_831' title='bbox 1627 5066 1767 5140; x_wconf 85' lang='lat' dir='ltr'>diligenter</span> <span class='ocrx_word' id='word_1_832' title='bbox 1786 5079 1937 5140; x_wconf 87' lang='lat' dir='ltr'>considerat</span> <span class='ocrx_word' id='word_1_833' title='bbox 1958 5090 2021 5157; x_wconf 89' lang='lat' dir='ltr'>quid</span> <span class='ocrx_word' id='word_1_834' title='bbox 2041 5094 2095 5151; x_wconf 87' lang='lat' dir='ltr'>sint</span> <span class='ocrx_word' id='word_1_835' title='bbox 2110 5102 2235 5171; x_wconf 77' lang='lat' dir='ltr'>tenebrtc,</span> 
     </span>
    </p>
   </div>
   <div class='ocr_carea' id='block_1_6' title="bbox 1444 5148 2237 5266">
    <p class='ocr_par' dir='ltr' id='par_1_8' title="bbox 1444 5148 2237 5266">
     <span class='ocr_line' id='line_1_109' title="bbox 1444 5148 2237 5266; baseline 0.068 -68"><span class='ocrx_word' id='word_1_836' title='bbox 1444 5148 1513 5210; x_wconf 43' lang='lat' dir='ltr'>‚nibil</span> <span class='ocrx_word' id='word_1_837' title='bbox 1531 5152 1600 5208; x_wconf 89' lang='lat' dir='ltr'>aliud</span> <span class='ocrx_word' id='word_1_838' title='bbox 1620 5156 1719 5214; x_wconf 87' lang='lat' dir='ltr'>invenit</span> <span class='ocrx_word' id='word_1_839' title='bbox 1739 5179 1817 5232; x_wconf 88' lang='lat' dir='ltr'>quam</span> <span class='ocrx_word' id='word_1_840' title='bbox 1839 5168 1905 5227; x_wconf 91' lang='lat' dir='ltr'>lucis</span> <span class='ocrx_word' id='word_1_841' title='bbox 1923 5175 2081 5240; x_wconf 81' lang='lat' dir='ltr'>absentiam.</span> <span class='ocrx_word' id='word_1_842' title='bbox 2103 5188 2142 5245; x_wconf 84' lang='lat' dir='ltr'>lta</span> <span class='ocrx_word' id='word_1_843' title='bbox 2160 5191 2237 5266; x_wconf 87' lang='lat' dir='ltr'>igitur</span> 
     </span>
    </p>
   </div>
   <div class='ocr_carea' id='block_1_7' title="bbox 1443 5235 2313 5803">
    <p class='ocr_par' dir='ltr' id='par_1_9' title="bbox 1443 5235 2313 5803">
     <span class='ocr_line' id='line_1_110' title="bbox 1447 5235 2236 5341; baseline 0.066 -50"><span class='ocrx_word' id='word_1_844' title='bbox 1447 5235 1545 5293; x_wconf 89' lang='lat' dir='ltr'>dictum</span> <span class='ocrx_word' id='word_1_845' title='bbox 1558 5252 1609 5309; x_wconf 90' lang='lat' dir='ltr'>est,</span> <span class='ocrx_word' id='word_1_846' title='bbox 1624 5243 1743 5304; x_wconf 75' lang='lat' dir='ltr'>tenebo</span> <span class='ocrx_word' id='word_1_847' title='bbox 1751 5265 1821 5309; x_wconf 81' lang='grc' dir='ltr'><strong>ιιιιιι</strong></span> <span class='ocrx_word' id='word_1_848' title='bbox 1830 5276 1906 5331; x_wconf 83' lang='lat' dir='ltr'>attpcr</span> <span class='ocrx_word' id='word_1_849' title='bbox 1915 5265 2042 5339; x_wconf 78' lang='lat' dir='ltr'>odyssum,</span> <span class='ocrx_word' id='word_1_850' title='bbox 2057 5290 2089 5332; x_wconf 87' lang='grc' dir='ltr'>ιι</span> <span class='ocrx_word' id='word_1_851' title='bbox 2101 5280 2125 5335; x_wconf 87' lang='lat' dir='ltr'>si</span> <span class='ocrx_word' id='word_1_852' title='bbox 2137 5282 2236 5341; x_wconf 86' lang='lat' dir='ltr'>uictum</span> 
     </span>
     <span class='ocr_line' id='line_1_111' title="bbox 1446 5329 2235 5442; baseline 0.072 -64"><span class='ocrx_word' id='word_1_853' title='bbox 1446 5338 1533 5398; x_wconf 88' lang='lat' dir='ltr'>essct,</span> <span class='ocrx_word' id='word_1_854' title='bbox 1549 5329 1606 5387; x_wconf 85' lang='lat' dir='ltr'>Non</span> <span class='ocrx_word' id='word_1_855' title='bbox 1627 5347 1684 5392; x_wconf 84' lang='lat' dir='ltr'>erat</span> <span class='ocrx_word' id='word_1_856' title='bbox 1703 5341 1745 5395; x_wconf 85' lang='lat' dir='ltr'>lur</span> <span class='ocrx_word' id='word_1_857' title='bbox 1759 5359 1840 5415; x_wconf 87' lang='lat' dir='ltr'>super</span> <span class='ocrx_word' id='word_1_858' title='bbox 1851 5352 1985 5424; x_wconf 74' lang='lat' dir='ltr'>abyssum.</span> <span class='ocrx_word' id='word_1_859' title='bbox 2000 5363 2235 5442; x_wconf 78' lang='lat' dir='ltr'>Quapropterbaec</span> 
     </span>
     <span class='ocr_line' id='line_1_112' title="bbox 1445 5422 2234 5525; baseline 0.07 -55"><span class='ocrx_word' id='word_1_860' title='bbox 1445 5422 1569 5477; x_wconf 88' lang='lat' dir='ltr'>materies</span> <span class='ocrx_word' id='word_1_861' title='bbox 1583 5441 1643 5495; x_wconf 82' lang='lat' dir='ltr'>qun</span> <span class='ocrx_word' id='word_1_862' title='bbox 1663 5439 1836 5505; x_wconf 82' lang='lat' dir='ltr'>consequenti</span> <span class='ocrx_word' id='word_1_863' title='bbox 1855 5448 2010 5514; x_wconf 88' lang='lat' dir='ltr'>operatione</span> <span class='ocrx_word' id='word_1_864' title='bbox 2023 5455 2085 5525; x_wconf 81' lang='lat' dir='ltr'>liei,</span> <span class='ocrx_word' id='word_1_865' title='bbox 2103 5459 2131 5517; x_wconf 93' lang='lat' dir='ltr'>in</span> <span class='ocrx_word' id='word_1_866' title='bbox 2145 5478 2234 5523; x_wconf 84' lang='lat' dir='ltr'>rerunt</span> 
     </span>
     <span class='ocr_line' id='line_1_113' title="bbox 1445 5507 2233 5612; baseline 0.066 -50"><span class='ocrx_word' id='word_1_867' title='bbox 1445 5507 1545 5566; x_wconf 88' lang='lat' dir='ltr'>lormas</span> <span class='ocrx_word' id='word_1_868' title='bbox 1557 5515 1676 5573; x_wconf 82' lang='lat' dir='ltr'>ordinata</span> <span class='ocrx_word' id='word_1_869' title='bbox 1691 5521 1869 5597; x_wconf 89' lang='lat' dir='ltr'>distinguitur,</span> <span class='ocrx_word' id='word_1_870' title='bbox 1883 5540 2013 5608; x_wconf 86' lang='lat' dir='ltr'>appellata</span> <span class='ocrx_word' id='word_1_871' title='bbox 2026 5555 2068 5602; x_wconf 88' lang='lat' dir='ltr'>est</span> <span class='ocrx_word' id='word_1_872' title='bbox 2081 5556 2154 5608; x_wconf 86' lang='lat' dir='ltr'>terra</span> <span class='ocrx_word' id='word_1_873' title='bbox 2166 5554 2233 5612; x_wconf 75' lang='lat' dir='ltr'>insl-</span> 
     </span>
     <span class='ocr_line' id='line_1_114' title="bbox 1444 5597 2313 5714; baseline 0.069 -65"><span class='ocrx_word' id='word_1_874' title='bbox 1444 5597 1527 5654; x_wconf 88' lang='lat' dir='ltr'>sibilis</span> <span class='ocrx_word' id='word_1_875' title='bbox 1548 5610 1575 5657; x_wconf 89' lang='grc' dir='ltr'>ιι</span> <span class='ocrx_word' id='word_1_876' title='bbox 1596 5604 1788 5680; x_wconf 83' lang='lat' dir='ltr'>incomposita,</span> <span class='ocrx_word' id='word_1_877' title='bbox 1810 5628 1837 5673; x_wconf 88' lang='lat' dir='ltr'>et</span> <span class='ocrx_word' id='word_1_878' title='bbox 1859 5625 2023 5691; x_wconf 77' lang='lat' dir='ltr'>profunditas</span> <span class='ocrx_word' id='word_1_879' title='bbox 2042 5649 2139 5697; x_wconf 86' lang='lat' dir='ltr'>carens</span> <span class='ocrx_word' id='word_1_880' title='bbox 2157 5643 2231 5714; x_wconf 80' lang='lat' dir='ltr'>luce;</span> <span class='ocrx_word' id='word_1_881' title='bbox 2309 5693 2313 5704; x_wconf 86' lang='grc'>.</span> 
     </span>
     <span class='ocr_line' id='line_1_115' title="bbox 1443 5695 2299 5803; baseline 0.071 -64"><span class='ocrx_word' id='word_1_882' title='bbox 1443 5701 1501 5757; x_wconf 78' lang='lat' dir='ltr'>qun</span> <span class='ocrx_word' id='word_1_883' title='bbox 1522 5695 1654 5763; x_wconf 87' lang='lat' dir='ltr'>appellata</span> <span class='ocrx_word' id='word_1_884' title='bbox 1678 5710 1720 5755; x_wconf 90' lang='lat' dir='ltr'>est</span> <span class='ocrx_word' id='word_1_885' title='bbox 1741 5708 1862 5775; x_wconf 88' lang='lat' dir='ltr'>superius</span> <span class='ocrx_word' id='word_1_886' title='bbox 1884 5717 1992 5775; x_wconf 89' lang='lat' dir='ltr'>nomine</span> <span class='ocrx_word' id='word_1_887' title='bbox 2012 5727 2073 5783; x_wconf 85' lang='lat' dir='ltr'>eoett</span> <span class='ocrx_word' id='word_1_888' title='bbox 2093 5740 2122 5787; x_wconf 88' lang='lat' dir='ltr'>et</span> <span class='ocrx_word' id='word_1_889' title='bbox 2143 5741 2230 5803; x_wconf 73' lang='lat' dir='ltr'>terre,</span> <span class='ocrx_word' id='word_1_890' title='bbox 2294 5788 2299 5798; x_wconf 95' lang='lat'>.</span> 
     </span>
    </p>
   </div>
   <div class='ocr_carea' id='block_1_8' title="bbox 1406 5781 2230 5887">
    <p class='ocr_par' dir='ltr' id='par_1_10' title="bbox 1406 5781 2230 5887">
     <span class='ocr_line' id='line_1_116' title="bbox 1406 5781 2230 5887; baseline 0.073 -58"><span class='ocrx_word' id='word_1_891' title='bbox 1406 5814 1411 5824; x_wconf 78' lang='lat'><em>.</em></span> <span class='ocrx_word' id='word_1_892' title='bbox 1442 5781 1521 5837; x_wconf 81' lang='lat' dir='ltr'>veluti</span> <span class='ocrx_word' id='word_1_893' title='bbox 1534 5799 1642 5855; x_wconf 89' lang='lat' dir='ltr'>scmeu,</span> <span class='ocrx_word' id='word_1_894' title='bbox 1659 5800 1686 5847; x_wconf 92' lang='lat' dir='ltr'>ut</span> <span class='ocrx_word' id='word_1_895' title='bbox 1703 5794 1756 5863; x_wconf 84' lang='lat' dir='ltr'>jam</span> <span class='ocrx_word' id='word_1_896' title='bbox 1776 5799 1874 5858; x_wconf 89' lang='lat' dir='ltr'>dictum</span> <span class='ocrx_word' id='word_1_897' title='bbox 1894 5819 1951 5877; x_wconf 85' lang='lat' dir='ltr'>est,</span> <span class='ocrx_word' id='word_1_898' title='bbox 1972 5818 2033 5874; x_wconf 86' lang='lat' dir='ltr'>coeli</span> <span class='ocrx_word' id='word_1_899' title='bbox 2052 5830 2080 5877; x_wconf 92' lang='lat' dir='ltr'>et</span> <span class='ocrx_word' id='word_1_900' title='bbox 2098 5831 2230 5887; x_wconf 63' lang='lat' dir='ltr'>terrest</span> 
     </span>
    </p>
   </div>
   <div class='ocr_carea' id='block_1_9' title="bbox 1439 5879 2230 6136">
    <p class='ocr_par' dir='ltr' id='par_1_11' title="bbox 1439 5879 2230 6136">
     <span class='ocr_line' id='line_1_117' title="bbox 1442 5879 2230 5979; baseline 0.071 -54"><span class='ocrx_word' id='word_1_901' title='bbox 1442 5879 1529 5930; x_wconf 84' lang='lat' dir='ltr'>tamen</span> <span class='ocrx_word' id='word_1_902' title='bbox 1544 5892 1596 5933; x_wconf 91' lang='lat' dir='ltr'>uon</span> <span class='ocrx_word' id='word_1_903' title='bbox 1609 5883 1704 5939; x_wconf 73' lang='lat' dir='ltr'>eoelum</span> <span class='ocrx_word' id='word_1_904' title='bbox 1721 5899 1747 5942; x_wconf 94' lang='lat' dir='ltr'>et</span> <span class='ocrx_word' id='word_1_905' title='bbox 1766 5899 1863 5950; x_wconf 84' lang='lat' dir='ltr'>terram</span> <span class='ocrx_word' id='word_1_906' title='bbox 1882 5897 2012 5972; x_wconf 88' lang='lat' dir='ltr'>dicendo,</span> <span class='ocrx_word' id='word_1_907' title='bbox 2032 5913 2230 5979; x_wconf 73' lang='lat' dir='ltr'>uniuersitatem</span> 
     </span>
     <span class='ocr_line' id='line_1_118' title="bbox 1440 5963 2229 6079; baseline 0.075 -66"><span class='ocrx_word' id='word_1_908' title='bbox 1440 5963 1514 6029; x_wconf 90' lang='lat' dir='ltr'>prius</span> <span class='ocrx_word' id='word_1_909' title='bbox 1528 5981 1675 6037; x_wconf 89' lang='lat' dir='ltr'>proponere</span> <span class='ocrx_word' id='word_1_910' title='bbox 1689 5976 1783 6046; x_wconf 78' lang='lat' dir='ltr'>soluit,</span> <span class='ocrx_word' id='word_1_911' title='bbox 1799 5990 1828 6036; x_wconf 91' lang='lat' dir='ltr'>ut</span> <span class='ocrx_word' id='word_1_912' title='bbox 1839 5997 1946 6059; x_wconf 82' lang='lat' dir='ltr'>postea,</span> <span class='ocrx_word' id='word_1_913' title='bbox 1962 5993 2094 6061; x_wconf 79' lang='lat' dir='ltr'>insinuata</span> <span class='ocrx_word' id='word_1_914' title='bbox 2110 6009 2229 6079; x_wconf 68' lang='lat' dir='ltr'>meleis,</span> 
     </span>
     <span class='ocr_line' id='line_1_119' title="bbox 1439 6053 1860 6136; baseline 0.062 -32"><span class='ocrx_word' id='word_1_915' title='bbox 1439 6053 1530 6108; x_wconf 90' lang='lat' dir='ltr'>mundi</span> <span class='ocrx_word' id='word_1_916' title='bbox 1545 6067 1633 6126; x_wconf 79' lang='lat' dir='ltr'>putes</span> <span class='ocrx_word' id='word_1_917' title='bbox 1645 6077 1842 6136; x_wconf 82' lang='lat' dir='ltr'>exsequeretur.</span> <span class='ocrx_word' id='word_1_918' title='bbox 1855 6092 1860 6114; x_wconf 54' lang='grc' dir='ltr'>ι</span> 
     </span>
    </p>
   </div>
   <div class='ocr_carea' id='block_1_10' title="bbox 1468 6164 1958 6288">
    <p class='ocr_par' dir='ltr' id='par_1_12' title="bbox 1468 6164 1958 6288">
     <span class='ocr_line' id='line_1_120' title="bbox 1470 6164 1958 6244; baseline 0.078 -36"><span class='ocrx_word' id='word_1_919' title='bbox 1470 6164 1479 6194; x_wconf 87' lang='lat'><strong>¹</strong></span> <span class='ocrx_word' id='word_1_920' title='bbox 1492 6167 1524 6213; x_wconf 91' lang='lat' dir='ltr'>tta</span> <span class='ocrx_word' id='word_1_921' title='bbox 1536 6172 1575 6215; x_wconf 84' lang='lat' dir='ltr'>us.</span> <span class='ocrx_word' id='word_1_922' title='bbox 1585 6170 1658 6219; x_wconf 76' lang='lat' dir='ltr'>tatic.</span> <span class='ocrx_word' id='word_1_923' title='bbox 1671 6178 1777 6244; x_wconf 78' lang='lat' dir='ltr'>treditl,</span> <span class='ocrx_word' id='word_1_924' title='bbox 1788 6185 1894 6241; x_wconf 81' lang='lat' dir='ltr'>nutttittte</span> <span class='ocrx_word' id='word_1_925' title='bbox 1948 6203 1958 6219; x_wconf 78' lang='lat'>⁸</span> 
     </span>
     <span class='ocr_line' id='line_1_121' title="bbox 1468 6224 1653 6288; baseline 0.049 -15"><span class='ocrx_word' id='word_1_926' title='bbox 1468 6224 1653 6288; x_wconf 71' lang='lat' dir='ltr'>(uittamcbaeis.</span> 
     </span>
    </p>
   </div>
   <div class='ocr_carea' id='block_1_11' title="bbox 0 0 2860 7534">
    <p class='ocr_par' dir='ltr' id='par_1_13' title="bbox 0 0 2860 7534">
     <span class='ocr_line' id='line_1_122' title="bbox 0 0 2860 7534; baseline 0 12"><span class='ocrx_word' id='word_1_927' title='bbox 0 0 2860 7534; x_wconf 95' lang='lat' dir='ltr'> </span> 
     </span>
    </p>
   </div>
  </div>
 </body>
</html>
