5709 7534
1112 796 1215 857 truso
1234 799 1462 863 ouoosetuos
2012 787 2015 792 '
2092 818 2147 878 m

589 919 627 980 tt;
641 917 672 968 οι
686 923 778 968 mutus
788 908 913 981 pratibus
927 908 1074 966 terroribus
1085 919 1166 983 atque
1179 912 1303 968 erueiutl·
1354 930 1412 969 cern
1424 915 1495 988 apud
1504 915 1600 989 inseror
1615 917 1642 972 iu
1654 920 1783 978 tormentis
1795 931 1859 978 erret
1877 920 1953 996 (Luc.
1965 938 2020 994 rut,
2034 925 2145 1002 22³0),

589 1001 700 1076 renuti
712 1011 791 1075 atque
803 1002 907 1070 renuti,
922 1017 983 1058 eoru
1001 1001 1180 1074 expergefacti
1192 1012 1302 1069 essent,
1355 1014 1381 1060 et
1392 1016 1500 1063 eutem.
1516 1006 1642 1064 Videmus
1655 1008 1745 1081 itaque
1757 1010 1901 1070 inierorum
1915 1015 2077 1074 mentionem
2091 1035 2145 1077 non
2162 1012 2166 1020 ’

590 1111 622 1154 rs
634 1093 801 1161 timuerunt,
819 1109 853 1151 oe
865 1094 892 1150 in
905 1093 998 1150 eadem
1018 1095 1088 1151 mula
1102 1105 1301 1152 revocarentur.
1354 1110 1415 1152 esse
1443 1094 1539 1154 tarum
1562 1097 1589 1155 in
1611 1100 1704 1170 requie
1725 1103 1868 1174 punireris,
1890 1104 1941 1162 sed
1963 1105 1990 1163 in
2015 1110 2145 1182 supplicio

589 1189 649 1262 ‘ute
667 1185 843 1243 dubitandum
862 1201 914 1241 nou
926 1183 1050 1256 estquod
1061 1185 1230 1257 expressiora
1250 1186 1303 1241 sint
1355 1183 1456 1242 diuitis.
1984 1245 1987 1250 ,

589 1295 629 1336 ra
643 1277 896 1344 iuiemadieurttur,
910 1275 1101 1349 utqueobboe
1119 1277 1302 1335 uehementius
1389 1275 1433 1333 dd.
1450 1275 1611 1344 llludetism
1633 1278 1703 1350 quod
1725 1280 1808 1340 Jaeob
1827 1283 1892 1342 dieit
1912 1287 1945 1345 ud
1967 1288 2035 1348 iiiior
2056 1304 2139 1366 snos,

589 1379 664 1427 atur.
679 1369 785 1426 Numet
798 1367 842 1440 qui
854 1368 982 1426 subtracti
997 1377 1059 1424 sunt
1071 1368 1301 1440 sensibuseorpo·
1353 1362 1487 1423 Dilimnia
1495 1378 1621 1424 umectum
1630 1385 1711 1425 meunt
1720 1388 1776 1426 rum
1791 1374 1894 1432 tristitia
1910 1378 2140 1454 ministrosque».

589 1460 661 1518 tinas
670 1459 779 1532 quidem
791 1474 870 1532 quum
882 1458 906 1515 si
925 1459 998 1513 omni
1019 1457 1100 1514 modo
1118 1468 1300 1527 morerentur,
1354 1473 1428 1528 suu,
1440 1457 1499 1534 ib),
1515 1458 1619 1517 ridetur
1631 1460 1683 1517 hoe
1700 1464 1783 1535 napis
1798 1465 1934 1535 timuisse,
1949 1485 1984 1527 ne
1998 1473 2079 1530 nimia
2093 1477 2143 1533 tri·

589 1567 656 1610 men
667 1551 783 1624 amplius
796 1567 874 1623 quam
888 1550 1078 1617 ridormireot,
1091 1550 1301 1621 expressiorem
1353 1549 1424 1604 stitia
1438 1548 1477 1605 sic
1495 1547 1703 1621 perturbaretur,
1716 1563 1744 1609 ut
1757 1571 1809 1611 non
1822 1556 1855 1611 ud
1874 1559 1993 1630 requiem
2005 1563 2141 1624 beaterum

589 1657 605 1700 tt
624 1649 817 1707 munierunt,
837 1656 917 1712 qurum
937 1638 961 1695 si
984 1641 1087 1695 somnia
1110 1642 1299 1696 rrerrurissent.
1353 1637 1412 1707 iret,
1427 1639 1475 1696 sed
1490 1639 1524 1696 ud
1537 1640 1635 1697 itderos
1647 1654 1826 1713 peecatorum.
1842 1645 1934 1734 lisque
1947 1651 2018 1708 euim
2032 1670 2142 1726 paruum

589 1741 636 1808 rgo¹
648 1750 761 1805 prorsus
772 1731 916 1789 inlerorum
929 1732 1093 1800 substantia,
1107 1732 1156 1788 sod
1171 1748 1231 1789 eum
1246 1732 1301 1804 spi·
1351 1732 1448 1788 anime
1466 1732 1564 1788 muium
1579 1742 1620 1789 est
1632 1735 1752 1803 tristitia,
1772 1752 1832 1792 eum
1844 1748 1870 1794 et
1884 1740 2029 1811 Apostolus
2038 1746 2142 1803 cuidam

589 1841 628 1882 run
639 1824 758 1880 arbitror
771 1838 844 1888 esse,
859 1836 912 1878 nou
923 1822 1102 1892 oorporalem.
1351 1828 1406 1876 tato
1419 1822 1534 1880 sollicite
1554 1823 1683 1890 timuerit,
1699 1841 1733 1882 ne
1746 1826 1846 1898 rutujore
1867 1829 1973 1887 tristitia
1986 1832 2144 1894 absorbere-

592 1919 615 1980 Τ
641 1918 801 1978 mill.-
817 1917 853 1971 lle
868 1917 957 1984 interit
975 1915 1091 1987 quertio.
1111 1914 1228 1970 Animum
1247 1931 1301 1971 erre
1351 1912 1439 1988 turttt
1451 1913 1510 1972 cn.
1527 1930 1556 1984 tt,
1571 1916 1610 1991 7).
1625 1916 1755 1987 Proinde,
1772 1903 1884 1989 utdiri,
1904 1921 2022 1992 nondum
2035 1925 2142 1998 inveni,

707 2009 880 2079 incorporeum
904 2005 983 2062 sinor
995 2005 1111 2060 utrum.
1350 2014 1378 2061 et
1391 2005 1478 2063 adbou
1491 2023 1599 2078 quero,
1613 2023 1663 2066 trec
1683 2008 1749 2066 milti
1761 2012 1877 2068 occurrit
1891 2011 1990 2070 iuleros
2003 2015 2100 2073 alieubi
2115 2018 2142 2074 in

591 2095 1299 2169 lietaudiendisuut,quiulllmtantiulerosinbauri-
1350 2093 1421 2151 bouo
1435 2096 1556 2167 posuisse
1566 2096 1730 2169 Scriptorum
1750 2097 1879 2176 duritaxat
1897 2091 2142 2166 crudulensium

589 2191 683 2260 tte-u,
702 2207 753 2249 nee
773 2206 832 2248 esse
850 2198 911 2262 post
932 2200 1054 2245 tttnrtero.
1079 2188 1199 2246 Viderint
1225 2188 1296 2246 eoin
1349 2195 1438 2242 autent
1453 2186 1480 2243 io
1494 2187 1564 2246 bono
1577 2189 1761 2260 aecipieudum
1774 2191 1862 2248 sinum
1876 2192 2006 2262 Abrabae,
2020 2206 2048 2253 et
2065 2198 2141 2254 illurn

589 2279 731 2338 monadum
745 2282 849 2354 poetico
871 2282 994 2350 llqmeotu
1007 2287 1233 2348 interpretentur;
1248 2295 1298 2336 nos
1349 2277 1546 2354 requiemque
1568 2281 1602 2337 ab
1620 2280 1727 2354 burgelis
1751 2284 1809 2352 pius
1831 2299 1932 2357 pauper
1954 2287 2060 2347 oblatus
2080 2300 2136 2358 est,

589 2369 1186 2449 mutundtrtnarumsrupmrarumqutbtu
1196 2371 1297 2427 solirde
1350 2368 1442 2424 neseio
1462 2382 1550 2426 uttrrtm
1564 2371 1703 2452 quisquam
1726 2373 1810 2446 possit
1829 2376 1937 2444 uudire;
1959 2388 1987 2435 et
2000 2379 2061 2437 ideo
2073 2396 2142 2453 quo·

589 2479 610 2521 tr
637 2464 705 2521 tides
722 2453 842 2521 balrenda
868 2473 919 2526 est.
940 2461 1066 2519 resedere
1081 2477 1133 2517 uon
1153 2462 1294 2517 debemus.
1348 2458 1429 2515 mdo
1442 2462 1607 2532 eaut¹apud
1620 2463 1718 2519 iuleros
1732 2464 1872 2521 ereduntus
1886 2481 1963 2535 esse,
1979 2485 2031 2525 non
2052 2470 2139 2532 tideo.

589 2568 661 2628 pum
683 2555 819 2626 possimos
839 2552 994 2610 ostendere.
1007 2552 1113 2609 illorum
1126 2568 1231 2624 quoque
1253 2567 1297 2608 sa-
1348 2547 1463 2608 cuent
1481 2549 1603 2609 llellV.
1617 2583 1652 2594 -
1671 2552 1711 2610 Dr
1731 2553 1857 2612 Perediro
1875 2565 1899 2612 et
1920 2559 1993 2615 tertio
2008 2560 2072 2617 roeio
2091 2578 2141 2634 quo

589 2642 662 2702 nde
691 2643 839 2700 ittierorutn
863 2642 1009 2700 substantio
1024 2642 1134 2698 minime
1145 2642 1293 2707 dubitasse,
1612 2655 1747 2718 rupturert
1759 2646 1869 2706 Puulur.

589 2745 629 2794 ott
641 2736 710 2793 bane
719 2737 801 2793 sitam
815 2737 914 2807 exeipit
924 2736 1028 2792 animus
1043 2744 1222 2791 mortuorum.
1238 2734 1295 2792 llu-
1385 2730 1430 2787 65.
1444 2730 1543 2789 teron
1558 2732 1610 2790 luoe
1623 2734 1687 2791 dum
1701 2737 1863 2808 querimus,
1878 2748 1906 2796 et
1917 2748 1962 2797 aut
1976 2741 2140 2814 invenimus,

589 2842 633 2885 eru
646 2828 698 2884 surb
716 2827 866 2884 territesse
878 2826 1002 2883 dieantur
1014 2826 1102 2890 interi,
1113 2826 1135 2882 si
1146 2826 1295 2897 corporalia
1347 2830 1393 2876 ant
1415 2835 1469 2877 noo
1484 2822 1646 2893 invenimus,
1662 2833 1739 2897 urget
1752 2841 1803 2883 nos
1824 2828 1960 2902 longitudo
1981 2832 2042 2889 libri
2063 2834 2143 2908 buius

590 2933 627 2976 ott
637 2924 712 2992 ruunt,
724 2926 769 2974 aut
782 2917 852 2974 unde
862 2916 939 2973 interi
950 2916 1127 2994 appellentur,
1139 2916 1161 2972 ti
1173 2916 1224 2972 sub
1238 2925 1293 2973 ter·
1348 2924 1409 2965 eum
1433 2909 1575 2983 aliquando
1591 2914 1761 2972 cottelodere.
1774 2916 1941 2989 Quopropter
1953 2922 2078 2993 quoniam
2106 2925 2141 2982 de

589 3015 693 3076 amnt,
707 3007 803 3063 merito
822 3007 950 3078 queritur
963 3007 1012 3075 (ιι).
1030 3006 1153 3060 Animum
1165 3020 1228 3061 uero
1240 3021 1293 3061 non
1347 2999 1470 3070 paradiso
1483 3017 1635 3059 sermonem
1656 3005 1837 3076 instituimus,
1858 3017 1966 3081 propter
1985 3011 2050 3068 illud
2069 3015 2139 3085 quod

589 3112 731 3170 oepoream
745 3114 797 3153 non
819 3113 863 3153 me
876 3106 978 3167 putore,
997 3096 1045 3152 sed
1068 3096 1145 3166 piune
1155 3095 1233 3161 seire,
1245 3111 1295 3151 eu·
1346 3090 1491 3160 Apostolus
1503 3093 1552 3159 ait,
1568 3094 1637 3150 scire
1648 3109 1678 3150 se
1688 3103 1792 3166 raptum
1804 3095 1941 3154 bominem
1954 3116 2038 3173 usque
2048 3101 2075 3157 in
2085 3109 2140 3159 ter·

589 3190 684 3248 minu
703 3208 711 3246 r
726 3199 815 3245 tomen
830 3188 929 3245 babere
939 3203 1017 3259 punse
1026 3187 1224 3244 similitudinem
1235 3204 1293 3243 cnr.
1346 3180 1411 3235 tiurn
1424 3179 1534 3250 eoelnm,
1548 3184 1651 3241 nescire
1662 3194 1751 3240 nutem
1765 3186 1821 3243 siue
1831 3187 1857 3243 in
1869 3203 1983 3261 corpore
1994 3192 2051 3248 site
2060 3201 2136 3249 extra

590 3291 621 3340 st
645 3282 825 3355 corporalium
845 3282 954 3338 omniuo
969 3280 1150 3337 membrorum
1174 3280 1293 3352 quisquis
1345 3287 1463 3344 corpus,
1482 3276 1584 3347 etquis
1598 3284 1742 3358 ruptusest
1756 3277 1782 3332 iu
1802 3279 1973 3349 paradisum,
1995 3290 2023 3339 et
2040 3282 2139 3340 audivit

602 3367 691 3448 'pm
700 3389 799 3445 „qm
816 3373 932 3428 aninum
943 3387 1013 3440 0⁸50,
1024 3386 1083 3442 (μη
1097 3371 1123 3426 ῑῃ
1138 3371 1240 3428 somnis
1252 3372 1292 3425 vi.
1345 3361 1488 3418 lutetiabillu
1503 3365 1597 3434 verbs,
1606 3381 1665 3435 qute
1675 3381 1728 3422 noo
1740 3367 1801 3425 lieet
1814 3368 1914 3425 bomini
1927 3370 2018 3443 loqui,
2032 3388 2086 3430 noo
2097 3382 2137 3432 te-

589 3464 800 3527 lreambulrre.
816 3464 860 3520 rel
879 3465 983 3529 sedere,
999 3463 1041 3519 uel
1063 3461 1114 3518 bne
1130 3470 1210 3532 atque
1232 3461 1293 3518 illae
1346 3468 1420 3509 ruere
1431 3452 1613 3523 amrmemus,
1627 3464 1715 3512 utrum
1730 3457 1757 3512 io
1770 3459 1848 3536 tertio
1860 3461 1929 3517 borlo
1940 3461 1974 3516 sit
1985 3462 2135 3534 paradisus,

589 3564 652 3613 ,quq
664 3558 745 3612 epam
764 3556 853 3610 votam
879 3553 942 3610 [em
966 3566 998 3608 ηρ
1024 3550 1128 3615 reterri,
1151 3551 1222 3624 qnod
1235 3553 1293 3608 stne
1345 3557 1379 3597 ou
1392 3542 1472 3599 etium
1482 3543 1509 3598 in
1522 3544 1629 3600 tertium
1644 3546 1753 3614 emitum,
1766 3555 1793 3603 et
1806 3548 1867 3606 iude
1881 3566 1977 3608 rursus
1988 3553 2013 3607 ln
2029 3552 2136 3624 parudl·

589 3661 612 3706 at
637 3645 813 3704 similitufflue
832 3646 953 3715 eorporis
977 3657 1030 3699 non
1053 3643 1092 3698 bt.
1126 3641 1241 3699 Proinde
1269 3643 1291 3698 si
1345 3648 1403 3723 ⁸1⁸⁰
1425 3645 1519 3710 raptus
1535 3637 1579 3693 sit.
1599 3635 1627 3694 Si
1644 3639 1714 3695 enim
1738 3642 1844 3714 proprie
1858 3642 1966 3713 quidem
1982 3660 2140 3703 nemorosus

589 3737 781 3796 huminem
789 3737 869 3793 epam
881 3734 951 3805 apuu
963 3734 1064 3790 inferos
1075 3734 1153 3804 gerp,
1168 3748 1220 3788 no„
1230 3747 1289 3788 cor.
1345 3725 1432 3796 loeus,
1449 3728 1577 3785 translato
1589 3738 1679 3785 autem
1691 3731 1783 3799 uerbo,
1797 3734 1886 3789 erutos
1898 3733 1978 3791 etiam
1992 3735 2139 3809 spiritualis
2160 3749 2165 3758 ’

590 3826 686 3897 ιι,κά
697 3825 803 3895 eorpori
814 3823 946 3890 simileom
961 3822 996 3878 ita
1009 3823 1090 3879 etium
1099 3823 1126 3877 in
1139 3822 1204 3878 louis
1216 3822 1292 3878 uide·
1346 3819 1423 3889 quusi
1434 3821 1518 3892 repo,
1530 3818 1575 3877 ubi
1585 3821 1681 3878 utuiuue
1690 3822 1760 3879 boue
1770 3835 1822 3892 ert,
1833 3826 1928 3883 merito
1939 3811 2139 3900 pumdisusdiei

589 3914 882 3986 eronoorporuttbur,
895 3911 943 3967 sed
954 3911 1132 3983 corporalium
1147 3911 1290 3978 similibus,
1346 3916 1451 3979 potest;
1466 3925 1518 3966 non
1531 3912 1617 3968 soluto
1631 3913 1737 3970 tertium
1749 3915 1858 3985 coelum,
1868 3916 1997 3990 quidquid
2010 3918 2073 3975 illud
2084 3928 2135 3987 est,

589 4026 594 4064 ι
606 4007 711 4079 requie,
724 4005 818 4061 sivein
829 4003 977 4060 doloribus.
1344 3998 1415 4070 quod
1431 4000 1551 4072 prolecto
1564 4017 1687 4076 nmqnom
1702 4005 1904 4082 sublimiterque
1920 4010 2074 4081 preclarum
2084 4020 2136 4080 est,

592 4096 860 4170 Quoquametillod
874 4112 918 4151 me
941 4093 1059 4151 noudum
1076 4093 1210 4151 inuenisse
1229 4110 1294 4150 eom
1345 4085 1536 4152 verumetiam
1556 4096 1583 4153 in
1603 4098 1661 4169 ipso
1678 4097 1785 4156 bomine
1807 4101 1896 4158 letitie
1917 4102 2038 4174 quaedunt
2060 4103 2139 4180 bonge

605 4188 707 4248 luieroe
724 4187 887 4260 appellatos,
908 4185 953 4261 ubi
973 4186 1106 4258 justorum
1132 4187 1227 4241 animm
1250 4201 1293 4242 re·
1345 4183 1516 4241 conscientie
1532 4186 1731 4255 paradisosest.
1748 4187 1823 4248 iitrde
1833 4191 1989 4249 etlioeleslu
2002 4191 2138 4252 iniunctis

589 4289 649 4340 ut.
662 4280 697 4336 Ει
707 4278 807 4336 christi
824 4278 933 4349 quidem
955 4265 1070 4333 animam
1085 4276 1192 4336 venisse
1209 4293 1293 4349 usque
1347 4283 1527 4345 temperanter
1539 4285 1566 4333 et
1574 4276 1647 4350 poste
1660 4289 1687 4337 et
1697 4280 1740 4353 pie
1752 4281 1902 4338 riueuttlbus
1915 4281 2055 4354 paradisus
2062 4293 2136 4344 reete

595 4371 659 4430 loon
679 4371 706 4427 iu
729 4369 825 4441 quibus
846 4377 1001 4439 peccatores
1019 4368 1183 4434 cruciantur,
1198 4376 1227 4424 ιιι
1245 4382 1293 4423 eos
1345 4363 1550 4440 diciturissrcti.
1564 4384 1616 4438 ιι,
1629 4369 1692 4443 98),
1714 4371 1817 4442 pollens
1830 4372 1964 4432 affluentia
1977 4376 2137 4447 gmtiarum,

589 4471 643 4524 ele
656 4462 797 4519 terrueritis
809 4475 877 4531 quos
889 4474 948 4516 esse
961 4459 1105 4515 soluendus
1119 4460 1223 4516 occulta
1243 4474 1292 4516 no·
1344 4458 1479 4531 castisque
1492 4458 1595 4517 deliciis
1607 4478 1613 4516 :
1625 4463 1839 4535 quondoquidem
1850 4474 1876 4520 et
1887 4465 1912 4522 in
1924 4466 2138 4524 tribulationib-

589 4571 611 4614 ι
631 4555 735 4629 luentia
754 4552 910 4626 judicabat,
929 4565 981 4606 non
1007 4551 1142 4607 immerito
1165 4551 1291 4607 ereditur.
1344 4545 1476 4618 gloriatur
1488 4549 1523 4607 tle
1531 4550 1587 4621 ipso
1598 4552 1723 4622 potientis
1734 4553 1876 4624 plurimum
1886 4556 2016 4626 gaudens,
2026 4559 2137 4630 quiase-

589 4645 638 4704 oda
657 4645 730 4702 enim
751 4644 830 4700 aliter
845 4640 1029 4713 aeuipieudum
1051 4642 1087 4697 tit
1108 4637 1180 4714 qood
1194 4641 1292 4698 dietum
1344 4638 1463 4694 eundum
1476 4640 1674 4697 multitudinem
1687 4643 1808 4699 dolorum
1817 4643 1843 4700 in
1851 4644 2139 4703 eordeconsoiationes

589 4737 664 4808 dun
682 4736 753 4794 beu
773 4736 902 4792 meritant
916 4750 950 4791 er
974 4736 1096 4804 mortuis,
1111 4735 1201 4792 rotrtir
1221 4736 1294 4791 detn-
1347 4728 1755 4804 ttetjucnuuumstttmunrjus
1770 4733 1944 4808 (Prui.1ettt,
1960 4735 2138 4809 titionum

589 4828 749 4903 issam,
766 4827 827 4899 quin
846 4843 897 4882 uon
911 4836 1008 4896 poterut
1030 4826 1151 4881 numan
1169 4827 1204 4881 etr
1223 4825 1291 4899 (Art,
1346 4819 1432 4891 magis
1445 4834 1510 4891 erqo
1528 4830 1589 4894 post
1609 4823 1677 4879 boue
1689 4823 1770 4879 ultum
1782 4824 1862 4880 etiam
1879 4826 1952 4882 siuns
1965 4826 2009 4884 ille
2022 4828 2138 4886 Abrabae

589 4923 642 4993 l),
664 4937 718 4978 non
752 4920 830 4977 rideo
856 4918 907 4976 nisi
932 4926 962 4975 ιιι
986 4917 1159 4990 quorumdam
1187 4917 1293 4974 dolores
1344 4910 1655 4983 purudisusdieipotr'st,
1672 4914 1716 4971 ubi
1726 4914 1781 4986 jum
1795 4916 1864 4971 trullo
1878 4917 2136 4988 tentatlu,ubituntu

597 5013 702 5073 mm
724 5025 786 5070 enm
816 5012 929 5069 ,oleum
954 5011 1133 5082 werpum,
1159 5025 1191 5067 ω
1216 5020 1292 5082 pote·
1345 5001 1451 5074 requies
1465 5011 1525 5074 post
1539 5017 1633 5060 omues
1647 5003 1827 5064 doloresuite
1842 5007 1941 5081 bnjursl
1961 5007 2138 5081 lisqueeniru

589 5121 644 5182 qua
668 5105 798 5164 Dominus
820 5113 879 5172 est,
906 5103 949 5159 eui
966 5117 1045 5158 omne
1066 5115 1136 5173 geno
1155 5100 1291 5170 flectitur,
1344 5092 1428 5149 etlux
1442 5091 1478 5151 ibi
1497 5109 1550 5153 nun
1564 5102 1607 5172 est
1621 5098 1729 5169 propria
1743 5099 1864 5170 quodum
1876 5110 1903 5157 et
1916 5100 1958 5158 sui
1969 5103 2092 5176 genueris,
2109 5116 2137 5161 et

589 5199 668 5268 tun,
694 5194 876 5262 terrestrium,
900 5202 929 5250 et
954 5192 1120 5250 internorum
1148 5191 1291 5264 (Philipp.
1345 5180 1465 5254 proiecto
1476 5189 1583 5256 magna,
1597 5202 1677 5257 qurum
1691 5187 1765 5245 diues
1775 5189 1820 5247 iile
1829 5190 1863 5249 de
1874 5194 2014 5251 tormentis
2023 5203 2050 5252 et
2062 5204 2139 5254 tene-

590 5331 600 5358 ‚
621 5303 671 5364 μ,
684 5303 764 5361 (μω
784 5293 944 5360 „reguum
965 5286 1046 5341 ertum
1069 5285 1121 5342 ung
1137 5284 1291 5353 doloribus,
1345 5271 1401 5330 bris
1421 5274 1587 5342 interorum,
1608 5286 1662 5333 tam
1682 5277 1773 5352 otique
1789 5280 1990 5358 delonginquo,
2004 5300 2064 5342 eum
2077 5301 2136 5342 mu-

589 5379 667 5448 olrit,
679 5394 734 5436 nort
744 5377 829 5449 potuit
838 5377 954 5434 attineri.
965 5374 1055 5454 idoque
1064 5376 1135 5432 enirn
1145 5374 1291 5443 Abrabam,
1345 5379 1428 5434 gnum
1437 5365 1545 5422 clim
1559 5376 1632 5424 “Sti
1655 5369 1682 5425 5¹¹
1695 5370 1794 5440 medio,
1811 5372 1851 5429 ⁸50
1864 5383 1952 5430 l²¹¹¹⁰n
1967 5377 2044 5444 lidii·
2058 5385 2087 5433 ¹¹²
2100 5378 2137 5433 Ῑῑιὶ

589 5485 715 5546 rpaoper
726 5469 753 5525 la
769 5468 829 5524 sinu
842 5466 909 5539 ejus,
924 5466 976 5522 boe
988 5474 1030 5522 ert
1040 5465 1068 5521 iu
1080 5476 1184 5523 secreto
1196 5466 1292 5537 quietis
1345 5454 1418 5510 ἱΙΙιιιιι
1433 5455 1567 5527 quondam
1579 5467 1760 5531 contemptum
1775 5476 1920 5534 pauperem
1932 5477 2099 5537 agnosceret.

589 5579 607 5622 ῃ
621 5560 762 5620 &loq-ibus
775 5567 849 5626 emt,
865 5560 1060 5630 intorquemus
1074 5557 1192 5629 requiem
1206 5566 1234 5615 et
1247 5557 1291 5614 illa
1380 5544 1425 5601 66.
1445 5544 1510 5615 Qilae
1521 5546 1545 5602 bl
1558 5547 1594 5604 ild
1607 5558 1685 5616 suut,
1699 5547 1758 5607 ideo
1768 5551 1819 5608 sub
1833 5554 1911 5610 iel'l'ls
1921 5553 2046 5613 (licuntur
2057 5556 2136 5614 infeli

589 5652 879 5723 [mmai'pss'pmuq
893 5665 1018 5723 magnum
1031 5648 1291 5707 dpaoq¹ssfm2wmg
1344 5635 1386 5691 ἴθι
1403 5635 1566 5705 mamillis,
1586 5639 1647 5710 quiet
1665 5652 1844 5714 congruedici*
1862 5645 1889 5701 lli
1910 5646 2005 5718 spitiltt
2018 5648 2135 5720 permiti

589 5747 691 5820 „M
704 5742 943 5801 qnpmmpch
952 5750 1025 5797 gum,
1037 5740 1146 5814 Compei
1157 5741 1240 5812 wrm,
1253 5742 1294 5797 pn.
1345 5726 1524 5797 corporabum
1544 5745 1635 5786 rerum
1655 5731 1841 5792 similitudines
1855 5738 1893 5792 sie
1907 5737 2133 5809 demonstrantur,
2188 5801 2194 5806 ,

589 5838 753 5908 „mm
769 5834 854 5902 qum,
869 5843 893 5890 ,q
903 5833 1001 5908 am·
1010 5832 1044 5888 ,p
1056 5832 1160 5906 Qu,
1171 5833 1198 5889 p„
1209 5834 1293 5889 ,rm
1346 5826 1375 5873 ut
1388 5818 1513 5889 quonism
1526 5819 1711 5878 defunctorum
1723 5823 1820 5881 aointae
1831 5826 1923 5884 inieris
1933 5827 2030 5900 dignu,
2044 5830 2133 5887 cantis

589 5935 801 5990 reuerterunt
813 5935 899 5982 rutero
915 5934 941 5981 st
952 5925 1032 5996 diter,
1045 5934 1069 5981 et
1083 5926 1197 5999 repeti„
1206 5935 1256 5995 ης
1269 5937 1293 5982 ,q
1345 5921 1438 5964 autore
1448 5920 1637 5981 peecaverunt,
1649 5909 1752 5971 boreis
1770 5929 1818 5986 per
1837 5914 1896 5971 illus
1905 5917 2083 5988 corporalium
2095 5920 2132 5976 si·

1345 5997 1512 6057 militudinet
1525 5998 1691 6071 exhibeatur,
1707 6002 1777 6076 qood
1787 6004 1837 6076 ipsi
1846 6005 1920 6062 eurni
1934 6011 2131 6082 mortuesulet,

589 6080 1179 6154 „mmmzrttttutunnntmtu
1401 6094 1403 6098 ’
1442 6110 1445 6118 -

590 6144 863 6214 ‚phriouertflm
1377 6169 2136 6242 trdtu,·rrrr.uronneruortrtttrr.,enr,qnodntrrurdetr

596 6239 705 6285 nura
721 6226 868 6292 estut,
1139 6315 1141 6319 Α
1347 6230 1462 6284 lm·
1551 6279 1557 6292 .
1890 6299 1894 6308 .
2116 6283 2119 6288 ·
