5709 7534
534 818 585 873 tit

533 932 652 986 dentiam
672 930 728 985 siue
746 943 792 999 per
804 926 996 988 obedientiam,
1011 925 1067 980 siue
1090 940 1136 995 per
1150 923 1322 980 offensionem

533 1023 589 1077 sire
602 1035 652 1092 per
664 1019 753 1085 fidem,
767 1021 793 1073 in
809 1019 858 1073 lanc
868 1033 897 1073 re
908 1028 981 1088 qesta
997 1015 1220 1086 praefiguraverit,
1238 1029 1322 1083 quan-

535 1122 589 1167 tum
602 1111 672 1166 bens
680 1110 796 1180 adiuuat,
808 1111 984 1177 requiramus,
993 1106 1159 1175 breuiterque
1166 1103 1320 1173 pendamus.

533 1202 669 1257 Admonet
678 1200 749 1256 cuiun
762 1213 811 1253 uos
822 1208 849 1253 et
859 1208 934 1268 urget
946 1196 1059 1267 quodam
1071 1194 1150 1249 modo
1160 1194 1210 1249 iste
1219 1205 1324 1249 saneta·

533 1306 592 1347 rum
605 1291 803 1360 scripturarum
818 1289 891 1343 locus
904 1287 1020 1357 crepitare
1032 1285 1173 1356 quemdam
1187 1292 1322 1353 potentem

532 1384 641 1441 virtute.
651 1381 725 1437 Talis
737 1380 808 1436 enirn
823 1379 920 1434 dieitur
932 1378 1036 1447 leplrte,
1051 1375 1120 1446 quod
1134 1390 1230 1432 raomeu
1245 1374 1323 1431 inter·

531 1483 652 1547 pretatur
665 1474 801 1544 aperiens
821 1472 947 1527 Dominus
961 1479 1048 1526 autem
1061 1469 1192 1535 cbristus,
1206 1469 1274 1524 sicut
1286 1468 1323 1524 in·

530 1566 604 1622 (limi
613 1563 786 1633 Euarrqelium
798 1561 933 1629 discipulis
943 1562 998 1615 suis
1007 1561 1106 1629 apernit
1119 1574 1228 1623 ιιιιιιιιιι,
1243 1567 1270 1613 ιιι
1283 1557 1322 1612 itr-

533 1654 671 1726 iellipcrerrt
682 1653 828 1723 Scripturas
838 1651 912 1724 (Luc.
927 1666 1001 1715 ιιιι,
1014 1651 1059 1713 tt»,
1072 1650 1130 1718 st).
1142 1649 1324 1718 llunclepltte

533 1744 629 1800 iratres
641 1744 699 1814 ejus
710 1742 931 1812 reprobaverunt,
944 1750 972 1796 et
983 1740 1017 1796 de
1029 1749 1137 1810 patema
1149 1739 1229 1795 domo
1240 1755 1323 1810 expu-

533 1836 638 1901 lerunt,
661 1834 819 1903 objicientes
837 1838 862 1888 ιι
883 1830 955 1902 quod
972 1839 1043 1888 esset
1065 1830 1135 1886 fliius
1156 1830 1319 1897 lorniearisc,

532 1936 659 1996 tanquam
674 1924 724 1993 ipsi
737 1922 868 1979 esseutde
879 1937 960 1978 uxore
971 1922 1087 1993 legitima
1097 1922 1163 1977 nati.
1175 1922 1231 1978 iioc
1241 1922 1320 1978 etiam

532 2023 645 2087 egerunt
657 2014 786 2071 adsersus
805 2013 946 2069 bominum
968 2012 1101 2084 principes
1113 2013 1281 2070 sacerdotum
1295 2021 1323 2070 et

531 2106 634 2163 Scribe
648 2115 676 2162 et
687 2104 828 2172 Pbarisai,
850 2103 895 2175 qui
916 2103 950 2160 de
969 2103 1047 2175 legis
1064 2102 1248 2159 observatione
1261 2102 1321 2174 qlo-

533 2199 595 2254 riari
609 2197 777 2264 videbantur,
788 2203 913 2266 tanqoam
924 2195 968 2252 ille
979 2194 1094 2251 soluerat
1104 2195 1214 2266 Legem
1224 2204 1252 2252 et
1261 2195 1322 2252 ideo

532 2287 613 2344 ueluti
635 2301 688 2343 non
712 2293 784 2341 essct
805 2285 937 2355 legitimus
959 2283 1038 2340 iilius.
1062 2283 1097 2340 Et
1116 2299 1265 2355 quanquam
1287 2283 1324 2340 de

532 2386 625 2433 nancta
648 2375 754 2447 quidem
779 2376 886 2446 l'lrpiue
910 2390 1006 2446 corpus
1028 2383 1224 2446 assumpserat,
1250 2375 1321 2445 qnod

534 2469 657 2526 bdelibus
671 2479 762 2526 notum
783 2479 840 2534 est;
858 2475 945 2523 lamen
965 2469 1022 2539 ejus
1039 2478 1134 2537 mater,
1147 2479 1274 2540 quantum
1288 2471 1321 2524 ad

532 2560 777 2631 perstem-pertinet,
790 2560 870 2614 etiarm
885 2560 929 2615 ilia
943 2546 1052 2615 ludaico
1064 2571 1197 2632 synagoga
1211 2561 1263 2617 dici
1274 2577 1321 2633 pu·

533 2660 595 2708 test.
610 2650 738 2707 llerolrat
752 2650 797 2720 qui
810 2649 923 2706 soluerit
936 2651 1105 2721 propheticos
1117 2651 1223 2720 Libros,
1239 2665 1267 2710 et
1281 2656 1322 2711 ri-

532 2743 593 2797 deat
607 2742 711 2813 quotics
722 2749 750 2797 et
761 2751 858 2812 quanta
872 2741 944 2797 verbi
958 2743 1188 2814 severitatemque
1202 2745 1321 2814 irntiqua-

534 2833 607 2888 tione
619 2824 736 2897 bomim,
751 2831 795 2887 ilia
809 2845 876 2902 qens
887 2832 960 2888 reiut
971 2832 1103 2902 impudica
1117 2835 1212 2910 mulier
1221 2834 1254 2889 de
1266 2835 1321 2891 suis

532 2921 751 2979 fornicationibus
763 2931 898 2992 arguatur.
916 2921 989 2978 Unde
1003 2928 1044 2977 est
1054 2922 1135 2978 etiarn
1149 2923 1214 2978 iilud
1229 2923 1255 2978 in
1271 2923 1322 2982 ltoe

533 3013 601 3068 libro
614 3012 842 3080 recentissimum,
857 3013 898 3068 rai
919 3026 980 3068 cunr
996 3012 1154 3083 postepbud
1175 3011 1246 3084 quod
1259 3011 1322 3071 lecit

533 3103 660 3169 dudeco,
684 3103 771 3158 ornnls
792 3102 871 3159 lsrael
886 3102 982 3174 legitur
1001 3102 1162 3170 tondeatur,
1186 3104 1226 3159 rel
1250 3104 1321 3177 quod

532 3196 654 3249 alrierunt
667 3202 729 3265 post
745 3193 810 3250 deos
824 3194 942 3265 gentium
956 3195 1052 3265 quibus
1066 3203 1142 3251 eraut
1153 3195 1319 3253 circumdati.

532 3283 645 3342 lludein
659 3284 815 3341 illosdiriua
828 3286 866 3340 ira
877 3295 1010 3343 commota
1020 3295 1071 3352 est,
1084 3295 1110 3341 ut
1122 3297 1261 3356 perntauos
1272 3288 1320 3343 de-

531 3391 590 3432 ιιιιι
603 3385 631 3432 ιι
641 3389 703 3433 octo
714 3386 915 3434 contererentur
927 3393 942 3433 a
955 3377 1014 3432 liliis
1026 3379 1139 3433 Aminou
1150 3379 1249 3450 (dedic.
1263 3395 1321 3449 sara,

531 3466 577 3536 st,
591 3477 614 3522 et
628 3482 659 3533 ι,
674 3467 692 3525 b
705 3467 745 3539 8).
769 3467 822 3524 Sed
842 3468 970 3540 numquid
992 3484 1047 3524 nuo
1069 3483 1102 3525 ιι
1123 3468 1217 3526 eadem
1241 3479 1322 3542 pente

530 3559 613 3616 lsrael
627 3560 707 3616 ctiam
721 3559 759 3615 iiii
779 3559 834 3616 uati
853 3569 930 3615 erant
942 3559 1108 3626 sacerdotes,
1122 3569 1151 3617 et
1166 3559 1280 3631 Scribe,
1295 3571 1323 3618 ιι

531 3650 669 3717 Pharisaei,
684 3665 752 3719 quos
764 3649 790 3704 in
803 3650 842 3705 eis
851 3648 968 3706 diximus
981 3648 1062 3706 ltrisse
1072 3649 1262 3721 praefiguratos,
1277 3651 1322 3722 qui

531 3740 638 3812 leplrte,
660 3749 784 3811 tanquam
800 3740 843 3795 isti
859 3741 998 3796 bominum
1010 3737 1159 3808 Christum,
1172 3740 1254 3796 ueluti
1268 3756 1320 3796 nou

532 3832 678 3902 legitimum
695 3831 779 3886 lilium
792 3831 924 3901 persecuti
939 3829 1116 3900 expulerunt?
1130 3829 1183 3885 Sed
1197 3829 1224 3884 in
1237 3843 1270 3884 co
1282 3830 1321 3884 si·

531 3921 654 3980 militodo
665 3921 822 3978 adumbrata
833 3930 885 3987 est,
900 3921 971 3994 quod
986 3921 1040 3987 isti,
1054 3930 1082 3977 ut
1095 3921 1161 3988 diai,
1176 3922 1257 3977 veluti
1270 3921 1321 3978 Le·

531 4017 573 4087 qis
584 4015 786 4080 observatores,
802 4029 864 4070 eum
882 4013 927 4083 qui
941 4021 1033 4068 contra
1046 4021 1177 4084 precepta
1191 4013 1268 4084 quis
1282 4012 1323 4068 [ιε

531 4123 594 4165 ocra
607 4107 756 4176 ridebatur,
770 4115 894 4177 tanquam
904 4106 1013 4175 legitimi
1026 4122 1080 4162 ιιοιι
1090 4106 1248 4177 legitimum,
1260 4106 1322 4176 jure

531 4198 582 4255 sibi
596 4197 646 4254 risi
661 4205 724 4254 sunt
737 4196 858 4267 ejecisse.
871 4194 1022 4252 &cundum
1037 4195 1088 4252 ltoe
1100 4196 1172 4251 enim
1189 4195 1265 4267 plebs
1278 4195 1322 4252 illa

532 4290 602 4345 dicta
616 4297 659 4345 est
672 4288 806 4353 lurnieari,
819 4287 890 4358 quod
903 4286 982 4357 Legis
994 4296 1124 4358 praccepta
1135 4297 1189 4343 uon
1199 4299 1320 4353 servans,

533 4391 660 4450 tanqum
674 4377 731 4434 siro
745 4392 798 4433 nou
810 4376 952 4436 exhibebat
967 4376 1056 4430 11ι1ιιιι.

567 4470 614 4526 Sic
625 4478 714 4524 autera
727 4468 854 4536 scriptum
869 4477 911 4522 est
921 4465 954 4522 do
967 4466 1072 4535 leplrte,
1087 4464 1119 4520 Et
1133 4475 1261 4521 ιιιιιιιιιιι
1275 4465 1324 4536 filii

531 4560 629 4625 amris,
644 4569 668 4614 ιι
680 4558 807 4629 ejecerunt
820 4555 922 4624 lepte.
937 4554 1052 4611 Verbum
1062 4554 1132 4625 quod
1145 4555 1259 4626 posltrrm
1270 4563 1322 4626 est,

531 4635 677 4717 ιιιιὶιιιιιι,
690 4649 821 4722 signifieat
831 4648 859 4704 in
871 4647 964 4720 dgna-a,
979 4646 1194 4719 proetaiuemnt:
1210 4646 1281 4717 quod
1295 4646 1322 4703 lu

531 4742 633 4798 ludaeis
652 4739 790 4813 impletum
810 4749 869 4808 est,
891 4739 937 4810 qui
960 4738 1154 4809 prevaluerunt
1177 4737 1323 4794 iulirmltati

531 4833 649 4899 Gbristi,
663 4831 723 4904 quia
737 4817 773 4886 lta
786 4830 877 4896 soluit,
893 4838 922 4886 ut
934 4830 969 4885 ab
981 4830 1022 4886 eis
1032 4844 1092 4902 quae
1104 4830 1245 4900 oportebat
1261 4844 1323 4900 pras-

530 4928 608 4983 aioue
620 4924 765 4996 perferrem
778 4923 847 4980 sicut
859 4923 910 4979 hoc
920 4923 990 4980 idem
999 4923 1153 4993 sipralilcane
1163 4923 1246 4978 laurb
1256 4938 1324 4993 prta·

1185 809 1301 868 ‚btbdtt
1319 807 1494 866 siscitatus.

2114 816 2167 874 tls

1379 921 1513 979 liabitasit
1525 935 1612 979 auteur
1629 925 1655 980 ln
1671 934 1742 981 terra
1755 927 1832 990 bom,
1850 927 1904 995 rei,
1920 938 1948 984 ut
1961 929 2112 999 expressius
2126 929 2166 986 di-

1377 1025 1486 1077 eamus,
1500 1013 1599 1083 opima.
1623 1014 1699 1082 Quod
1713 1019 1783 1072 enim
1797 1033 1884 1088 grace
1896 1023 1995 1087 eptas,
2020 1020 2072 1076 boc
2085 1019 2167 1077 latine

1377 1103 1494 1174 opimum
1517 1103 1634 1159 dicitur:
1658 1106 1683 1161 ld
1705 1118 1793 1163 autem
1813 1109 2001 1179 interpretatur
2023 1111 2090 1168 Tnb.
2115 1110 2164 1185 libi

1378 1196 1442 1249 mibi
1457 1196 1561 1252 ridetur
1580 1197 1750 1269 intelligenda
1766 1201 1823 1271 ejus
1841 1203 1981 1260 amortuis
1995 1204 2164 1260 resurrectio.

1376 1285 1444 1342 Nam
1462 1302 1522 1358 quae
1539 1297 1609 1344 terra
1624 1291 1708 1361 magis
1729 1292 1833 1362 opima,
1851 1310 1931 1364 quam
1951 1305 2086 1351 ιιιιιιιιιιιι
2104 1310 2165 1352 cor·

1377 1392 1426 1448 put
1446 1378 1603 1460 excellentia
1623 1381 1876 1440 immortalitatiset
1899 1385 2104 1456 incorruptionis
2124 1386 2166 1442 ln·

1376 1466 1491 1524 datuml

1411 1557 1487 1625 Quod
1495 1567 1583 1616 autem
1597 1561 1735 1619 diciturde
1747 1563 1850 1634 leplrte,
1864 1565 1925 1634 quia
1938 1577 2110 1638 posteaquam
2120 1568 2162 1623 lla·

1376 1649 1479 1720 glensa
1494 1649 1561 1706 lacie
1575 1649 1686 1707 lratmm
1706 1666 1814 1707 suorum
1830 1653 1957 1709 laabltarit
1970 1655 1997 1710 in
2012 1665 2083 1710 terra
2095 1655 2163 1721 Tob,

1375 1739 1569 1812 colligebantur
1587 1741 1620 1796 ad
1633 1733 1694 1798 eum
1708 1743 1756 1798 riri
1767 1744 1895 1810 introires,
1913 1751 1940 1801 ct
1961 1746 2166 1802 obambulabant

1375 1846 1439 1887 curn
1459 1832 1537 1903 ipso;
1560 1848 1710 1905 quanquam
1730 1843 1758 1891 ct
1778 1845 1840 1891 ante
1861 1836 2010 1906 passionem
2030 1836 2168 1907 obiectum

1375 1919 1455 1977 luerit
1468 1922 1592 1992 bomine,
1605 1924 1676 1995 quod
1690 1939 1751 1980 curn
1771 1924 1918 1996 publicanis
1938 1936 1966 1981 et
1985 1927 2166 1997 peecatoribus

1375 2012 1557 2082 manducaret,
1571 2013 1677 2086 quando
1688 2015 1838 2087 respondit,
1851 2031 1903 2071 nou
1913 2029 1974 2073 esse
1985 2017 2168 2073 necessarium

1375 2102 1447 2159 sanis
1460 2102 1602 2170 medicum,
1618 2104 1665 2160 ted
1687 2104 1793 2176 egrotis
1812 2104 1919 2175 (llattb
1940 2120 1979 2176 ιι,
2001 2107 2045 2172 11,
2059 2104 2105 2177 il)
2116 2121 2125 2171 3
2138 2115 2167 2161 et

1375 2192 1446 2249 inter
1458 2193 1563 2264 iniquos
1581 2192 1724 2266 deputatus
1743 2203 1786 2252 est
1806 2194 1884 2267 (lsai.
1900 2211 1957 2261 ιιιι,
1979 2195 2037 2268 ta),
2059 2197 2166 2267 qnando

1375 2285 1444 2341 inter
1456 2286 1573 2343 latrones
1585 2287 1727 2343 cmcidxns
1740 2296 1791 2353 est,
1810 2295 1838 2343 et
1851 2303 1931 2344 tanum
1943 2303 1975 2343 ιι
1989 2288 2029 2342 eis
2039 2287 2073 2344 de
2086 2301 2166 2343 cruce

1374 2375 1401 2429 in
1417 2374 1567 2445 paradisum
1582 2377 1716 2432 transtulit
1737 2378 1812 2449 (luc.
1832 2394 1910 2445 ιιιιι,
1925 2379 1970 2445 iii,
1993 2379 2037 2449 15)
2054 2395 2061 2431 ι
2076 2386 2164 2433 tannen

1375 2473 1546 2538 posteaquam
1570 2469 1724 2532 resurrexit,
1748 2480 1774 2524 et
1788 2483 1848 2524 esse
1867 2470 1957 2538 cupit,
1979 2468 2123 2524 secundum
2138 2466 2165 2522 id

1374 2555 1445 2625 quod
1466 2571 1547 2628 supra
1564 2558 1746 2628 exposuimus.
1769 2558 1796 2613 in
1811 2567 1880 2614 terra
1895 2558 1962 2624 Tob,
1984 2557 2089 2613 collecti
2103 2559 2168 2612 su'ut

1374 2648 1407 2704 ad
1418 2648 1492 2705 iilum
1505 2650 1626 2708 scelerati
1640 2650 1762 2708 homines
1775 2660 1883 2722 propter
1896 2651 2081 2707 remissionem
2100 2665 2164 2720 pee-

1374 2748 1515 2807 catorum3
1536 2742 1582 2812 qui
1599 2756 1659 2797 curn
1673 2742 1719 2796 iilo
1739 2741 1919 2808 ambulabant,
1938 2732 2004 2812 'quia
2019 2741 2164 2796 uelandum

1374 2831 1433 2902 ejus
1444 2841 1576 2904 praecepta
1588 2832 1723 2888 vivebant.
1739 2833 1829 2904 licque
1840 2832 1891 2890 boe
1902 2835 1957 2889 llcri
1970 2834 2067 2890 desiuit
2081 2850 2165 2904 usque

1374 2938 1456 2989 nune,
1469 2929 1497 2978 ct
1507 2923 1645 2993 deinceps,
1657 2939 1794 2995 quousque
1804 2925 1838 2981 ad
1850 2941 1913 2981 ιιιιιι
1921 2925 2076 2996 coniugium
2091 2926 2164 2991 ιιιιιιι,

1374 3022 1403 3069 ut
1423 3012 1553 3084 justilicct
1571 3014 1666 3084 impios
1687 3014 1780 3085 qui-ad
1794 3029 1854 3070 eum
1869 3022 2070 3082 convertuntur,
2084 3021 2113 3070 ct
2123 3013 2165 3070 di·

1373 3112 1450 3159 scam
1461 3103 1543 3173 iniqui
1556 3104 1612 3159 vias
1625 3103 1684 3172 ejus
1698 3102 1783 3175 (Pani.
1791 3121 1816 3167 t,
1829 3106 1882 3175 15).

1408 3195 1551 3258 lamillud,
1562 3195 1632 3266 quod
1641 3195 1669 3251 bl
1680 3195 1725 3266 qui
1738 3196 1890 3264 abjeceram
1903 3195 1998 3266 lcplate
2012 3194 2080 3267 (crat
2090 3193 2163 3251 etaim

1374 3284 1549 3358 Galaadites),
1568 3287 1690 3343 mnsersi
1713 3296 1775 3342 sum
1789 3287 1822 3340 od
1844 3301 1916 3350 carun,
1939 3295 1968 3340 et
1987 3285 2167 3355 qam-sicerum

1373 3393 1444 3444 eum,
1461 3393 1509 3450 per
1520 3393 1600 3456 quem
1621 3377 1795 3444 liberarentur
1815 3378 1850 3432 ab
1862 3376 1976 3432 inimicit
1989 3376 2062 3442 suis;
2083 3389 2164 3447 quant

1373 3471 1446 3527 clara
1458 3469 1671 3542 prefiguratione
1682 3469 1823 3540 significat,
1833 3466 1903 3540 quod
1914 3467 1940 3522 bi
1951 3467 1996 3538 qui
2009 3466 2164 3537 abirccmnt

1373 3560 1519 3630 Christum,
1535 3561 1568 3618 ad
1586 3575 1647 3617 eum
1662 3575 1755 3616 rursus
1769 3559 1901 3627 conuersi,
1922 3559 1948 3614 ln
1963 3558 2009 3614 illo
2028 3559 2165 3629 reperiunt

1373 3652 1507 3709 saluteml
1521 3652 1581 3709 aire
1594 3652 1633 3707 illi
1647 3651 1827 3721 irrtclligamur
1840 3665 1908 3718 quos
1922 3650 2016 3706 Petms
2028 3647 2165 3720 apostolus

1374 3759 1435 3800 curn
1448 3742 1482 3800 de
1494 3743 1553 3814 ipso
1567 3743 1668 3798 scelere
1687 3743 1829 3812 arguisset,
1843 3741 1912 3797 sieut
1926 3741 1953 3798 in
1966 3741 2075 3797 letibus
2093 3740 2166 3810 Apo·

1374 3836 1504 3891 stilorum
1517 3834 1622 3905 legitur,
1636 3841 1663 3889 et
1676 3833 1798 3892 berlaius
1809 3842 1880 3890 esset
1891 3841 1920 3888 ut
1931 3831 1964 3888 ad
1978 3847 2040 3888 eum
2055 3845 2166 3888 conte*

1375 3934 1510 3989 ιιιιιιιιιι,
1532 3939 1612 3996 quem
1638 3922 1742 3980 lucrant
1765 3923 1909 3993 persecuti,
1933 3923 2083 3993 eonrponcti
2104 3933 2167 3978 suut

1374 4015 1466 4083 corde,
1480 4022 1508 4072 ιι
1520 4016 1555 4071 ab
1568 4015 1614 4070 illo
1625 4029 1703 4086 quem
1716 4031 1731 4070 a
1750 4030 1779 4072 se
1791 4016 1981 4079 alienaverant,
1996 4014 2166 4070 desideraue-

1375 4115 1438 4162 runt
1450 4105 1563 4162 salutem
1575 4104 1649 4178 (quid
1661 4114 1702 4161 est
1710 4114 1800 4161 autern
1810 4104 1917 4160 liberari
1928 4104 1963 4159 ab
1975 4103 2100 4170 inimicis,
2114 4103 2165 4160 nisi

1374 4197 1532 4268 apeecailsl
1541 4196 1767 4261 sicenimillisait,
1777 4197 1847 4269 dpite
1856 4196 2036 4264 partirerdunr,
2044 4205 2068 4249 et
2079 4194 2165 4264 lepti·

1374 4289 1874 4362 selmanmquitqueteslruminnomr'rre
1886 4285 2055 4343 Derrdeests
2061 4284 2167 4350 Clarirlb

1375 4391 1399 4438 ιι
1412 4383 1569 4438 remittentur
1578 4381 1648 4437 uobis
1657 4389 1759 4453 peccato
1767 4389 1849 4437 restra
1858 4378 1925 4453 (det.
1937 4394 1967 4445 ιι,
1978 4375 2078 4444 will
2089 4396 2096 4431 ι
2109 4380 2167 4435 sire

1375 4472 1421 4528 illa
1441 4473 1530 4543 potius
1544 4471 1717 4545 significetur,
1740 4486 1799 4542 quta
1811 4472 1838 4526 in
1854 4471 1907 4526 line
1926 4478 2049 4540 speratur
2062 4471 2167 4526 vocatio

1375 4564 1462 4635 gentis
1474 4563 1564 4618 lsrael.
1586 4562 1669 4633 lingis
1684 4559 1781 4633 quippe
1794 4561 1852 4631 ipsa
1873 4559 1978 4615 ridetur
1998 4561 2128 4629 apparere
2139 4559 2166 4614 iu

1375 4667 1409 4710 eo
1422 4653 1493 4724 quod
1505 4652 1612 4718 dicitur,
1626 4651 1659 4707 lit
1672 4656 1768 4726 [ιιιιιιιι
1781 4659 1818 4706 ιιι
1831 4657 1887 4719 post
1899 4650 1954 4708 dica
1968 4647 2060 4719 :qood
2074 4647 2166 4718 utique

1375 4749 1437 4813 post
1450 4750 1554 4813 ιιιιιριιι
1566 4740 1714 4812 siqnidem
1728 4747 1755 4795 ιι
1775 4755 1823 4808 per
1833 4738 1884 4796 iace
1907 4739 2022 4795 iusinuat
2034 4751 2087 4794 non
2100 4736 2170 4796 illud.

1376 4831 1577 4904 intelligendum
1593 4829 1666 4902 quod
1679 4831 1780 4886 recenti
1799 4828 1903 4885 bomini
1915 4827 2039 4900 passione
2049 4833 2100 4892 est,
2116 4826 2169 4882 sed·

1376 4923 1449 4995 quod
1460 4931 1552 4994 postea
1566 4920 1681 4977 loturum
1697 4928 1747 4976 est.
1761 4920 1820 4989 Qum
1832 4918 1936 4975 videtur
1949 4919 2029 4975 etiam
2044 4917 2069 4972 id
2083 4917 2165 4987 perti-

531 5017 615 5073 rnluit
624 5016 730 5087 angelo,
745 5029 807 5070 eum
819 5029 871 5084 quo
884 5023 913 5068 ut
925 5014 1039 5083 idipsum
1054 5012 1225 5083 portenderet
1239 5013 1324 5068 lueta-
1376 5014 1530 5087 nere,quod
1540 5014 1660 5071 semme
1670 5011 1769 5070 Gaiaad
1783 5019 1910 5068 reneruot
1920 5007 2067 5081 adlepbte,
2080 5018 2109 5065 ut
2119 5023 2167 5079 per

531 5110 611 5165 batur
622 5106 698 5180 (Gela
713 5119 805 5171 mu,
828 5103 930 5179 9138)-
947 5105 1076 5160 ὓὶῑθιΰῠῑ
1087 5119 1151 5175 ⁰¹80
1164 5104 1196 5160 td
1211 5103 1322 5176 depluta,
1376 5114 1484 5164 atatem
1498 5105 1609 5162 senilem
1630 5103 1778 5175 posteriora
1790 5112 1818 5161 et
1829 5102 1973 5157 norissiana
1987 5108 2105 5172 tempora
2118 5114 2165 5156 ac·

532 5197 595 5253 Nm·
606 5195 764 5252 Μίίύίι
783 5197 810 5251 ¹⁹⁸
823 5195 898 5250 dvm
912 5194 991 5263 ildiris
1005 5193 1097 5258 Μή.
1116 5195 1234 5264 mminra
1254 5194 1326 5265 filias
1376 5196 1499 5268 eipienda
1517 5196 1580 5254 sint.
1594 5193 1785 5264 interpretatur
1795 5201 1884 5248 autem
1898 5191 1998 5249 Galaad
2012 5188 2165 5260 didicisse,

532 5289 646 5344 mulieris
660 5288 804 5359 [ouaicarioe
821 5296 857 5339 nr.
872 5285 1009 5355 Tanquam
1024 5283 1143 5340 dicerent
1152 5283 1222 5356 quod
1235 5283 1325 5340 Eran·
1377 5289 1435 5347 sira
1448 5287 1594 5346 Revelatio.
1617 5286 1736 5355 Quorum
1749 5292 1893 5356 utromque
1905 5284 2042 5354 satisapta
2052 5281 2116 5355 buic
2127 5282 2167 5339 rei

531 5381 631 5454 pelium
645 5377 772 5450 loquitur,
789 5377 850 5432 Non
859 5385 895 5432 est
907 5376 953 5431 istc
962 5375 1062 5430 irumoa
1073 5373 1138 5442 ileo,
1149 5376 1192 5448 qai
1206 5375 1325 5432 riesolait
1377 5381 1516 5453 magnoin
1530 5379 1592 5450 quia
1603 5378 1689 5449 prinm
1701 5375 1843 5432 bominum
1855 5374 1988 5434 Christum
2000 5372 2167 5445 abiecerunt,

531 5473 663 5529 ιιιιιιιιιι
678 5467 766 5543 (doen.
782 5483 822 5536 ιι,
838 5469 903 5541 tot:
918 5483 949 5526 se
960 5476 1049 5528 autem
1061 5467 1132 5522 reiut
1143 5466 1273 5537 taetantes
1285 5467 1325 5522 lo-
1377 5473 1470 5544 eisqate
1484 5479 1576 5543 postea
1590 5469 1759 5534 revelabitur.

531 5561 640 5636 qitintos
660 5559 730 5616 iiiios
745 5559 857 5616 bomine
870 5557 1011 5626 dixerunt,
1033 5554 1090 5614 Ner
1112 5557 1324 5628 repensitatione
1413 5561 1490 5633 Quod
1509 5557 1575 5620 varo
1594 5571 1686 5618 eontra
1710 5561 1780 5617 ulios
1799 5560 1915 5616 Ammon
1934 5557 1989 5614 dux
2001 5553 2169 5627 querebatur

533 5669 584 5709 aar
594 5669 681 5708 unu
692 5652 764 5717 rari,·
778 5667 856 5714 esen
868 5658 965 5723 parma
976 5648 1188 5706 memoriaenon
1201 5648 1255 5721 (td.
1267 5665 1326 5718 ιιι.
1377 5653 1483 5728 lepore,
1496 5652 1592 5726 quibus
1606 5653 1684 5708 victis
1694 5651 1881 5716 iibenrentur,
1892 5648 1937 5719 qai
1949 5662 1983 5703 eo
1994 5646 2062 5700 dirce
2072 5642 2169 5698 adver·

533 5745 591 5817 ll).
605 5743 638 5802 El
653 5745 718 5818 [reli
729 5742 822 5815 septe
833 5760 850 5798 ⁶
863 5742 1048 5816 [adesum
1060 5757 1173 5808 mm·
1186 5750 1211 5796 ιι
1224 5741 1325 5795 ‘tallia-
1377 5761 1425 5803 sus
1448 5746 1508 5803 illos
1531 5743 1632 5802 bellare
1655 5743 1807 5814 cupiebant,
1829 5740 1954 5813 quoniam
1980 5736 2169 5806 interpretatur

533 5837 568 5893 ιιι
581 5837 609 5892 br
622 5847 690 5892 terra
703 5835 767 5891 Tob.
782 5833 1003 5907 boequnonlam
1015 5847 1045 5889 se
1055 5842 1169 5904 quantus
1179 5842 1251 5890 esset
1264 5833 1326 5890 absa
1378 5839 1494 5894 Ammon
1516 5835 1599 5892 Filius
1621 5833 1711 5906 populi
1726 5833 1789 5901 mei,
1814 5831 1870 5886 sire
1885 5826 2002 5910 Populus
2022 5821 2166 5888 moeroris;

533 5929 639 5995 comte
655 5928 732 6000 largit,
745 5927 870 6001 quoniam
884 5939 933 5982 ees
955 5923 1094 5982 saevientes
1108 5925 1204 5982 latuit:
1219 5925 1251 5982 Si
1259 5925 1325 5980 caina
1379 5925 1500 5999 proiecto
1510 5934 1556 5984 aut
1565 5925 1604 5981 iiii
1614 5923 1796 5996 significantur
1804 5917 1914 5982 inimici.
1925 5916 1972 5987 qui
1980 5929 2014 5972 ιι
2025 5915 2082 5985 ipsa
2088 5922 2171 5984 qanto

533 6021 717 6092 reparassem,
732 6033 862 6085 ιιιιιιιιιιι
883 6014 1019 6071 murium
1037 6015 1126 6087 pieria
1144 6016 1326 6086 crucifixissent
1379 6003 2170 6091 perseverantemtandettraepradictisunt;autornoioo

535 6109 556 6182 (l
570 6109 629 6165 Cor.
643 6125 677 6176 ιι,
692 6107 732 6183 8).
748 6108 835 6181 i'upit,
849 6105 974 6179 quoniam
994 6103 1132 6163 morientis
1144 6105 1326 6162 inllrmitatem
1378 6124 1474 6167 omnes
1487 6109 1616 6183 gebenna
1638 6103 1827 6178 predestinati,
1848 6099 1893 6158 ubi
1916 6099 1968 6159 erit
1986 6098 2027 6155 ela
2044 6095 2123 6154 belua
2140 6103 2170 6150 et

535 6199 672 6267 aidauut,
698 6200 824 6258 virtutem
834 6207 925 6256 autem
941 6195 1170 6267 resumentisnau
1191 6196 1323 6256 riderent.
1380 6201 1480 6260 tuition
1498 6200 1617 6260 tutona
1639 6195 1745 6260 ίΙιιιιι.
1765 6207 1832 6257 ιιι,
1852 6191 1912 6260 tot,
1933 6199 2058 6262 tanquam
2070 6186 2170 6260 papula
