5709 7534
515 867 581 967 ωδ.

513 1024 546 1081 de
559 1022 640 1078 illius·
654 1030 733 1077 terra:
749 1019 935 1091 segregatione
950 1018 1049 1075 dictum
1068 1028 1126 1085 est,
1141 1019 1189 1076 sed
1202 1034 1235 1075 ιι
1247 1033 1301 1089 quo

512 1122 652 1183 caeperunt
665 1127 698 1168 ca
711 1110 786 1178 fleri,
800 1109 847 1175 ubl
856 1110 912 1180 jam
927 1109 964 1165 illi
986 1109 1081 1165 similia
1094 1109 1181 1165 lacere
1195 1123 1244 1164 nec
1256 1123 1302 1164 co·

513 1207 569 1262 uari
584 1205 727 1261 auderent.

501 1339 506 1344 -
547 1294 654 1354 mil.
665 1293 718 1370 [11).
729 1311 786 1363 vtu,
797 1291 855 1368 ib]
865 1293 940 1361 Quod
948 1292 1021 1349 latini
1030 1290 1137 1357 habent,
1149 1289 1244 1346 Euntes
1250 1292 1301 1345 im·

513 1389 603 1446 uoluta
615 1386 729 1442 Donrino
738 1385 793 1441 11ιο
804 1395 884 1441 namra
895 1385 921 1439 in
931 1385 1026 1451 terra¹,
1034 1396 1136 1455 maus
1149 1380 1236 1445 habet,
1250 1379 1300 1435 Ve-

512 1479 607 1539 sinus
616 1476 656 1550 (a)
666 1477 795 1534 imnraime
806 1474 914 1530 Domino
921 1473 975 1529 Deo
982 1474 1095 1529 aestroin
1106 1482 1181 1527 terra.
1190 1470 1301 1526 Nolebat

511 1568 582 1627 caim
597 1582 645 1624 eos
658 1568 698 1623 irc
712 1581 766 1639 quo
783 1565 928 1632 dicebant,
950 1564 998 1620 sed
1017 1574 1043 1619 ut
1062 1562 1116 1618 illic
1134 1563 1161 1618 in
1185 1561 1300 1634 AEgypto

514 1658 693 1724 immolarent,
708 1657 824 1712 volebat.
836 1656 892 1712 lloc
903 1655 1046 1713 ostendunt
1055 1655 1134 1710 verba
1145 1653 1228 1726 llrrysi
1241 1668 1299 1723 ouae

513 1745 670 1819 sequuntur,
686 1746 731 1802 ubi
747 1745 813 1802 dicit
826 1760 880 1802 nou
889 1759 968 1816 potsse
978 1744 1034 1799 dori
1046 1742 1299 1815 propterabomina·

514 1829 807 1910 lioooe‘AEgpptiorunt.

546 1948 666 2005 mill.
679 1944 736 2023 [ib.
745 1964 802 2014 virt,
818 1934 876 2024 262]
887 1949 1009 2019 Qttodait
1021 1948 1206 2022 tropaeorum
1219 1959 1300 2024 potest

514 2039 568 2110 lisn'
582 2040 618 2094 sic
632 2054 643 2095 .·
658 2038 860 2095 ahontinatioues
873 2041 940 2095 enim
952 2040 1134 2112 AEggptiorunt
1155 2041 1298 2097 immolabi-

514 2127 684 2185 taaallomina
694 2126 750 2183 lieo
761 2138 845 2183 neura
854 2129 953 2196 rideat,
966 2128 1023 2185 hac
1035 2129 1195 2185 immolaturi
1206 2145 1299 2186 sunaus

513 2235 571 2291 quae
583 2219 774 2276 abominamur
787 2219 921 2292 AEgpptii,
940 2229 968 2277 et
984 2230 1122 2292 propterea
1135 2221 1161 2276 iu
1182 2221 1298 2294 Egypto

514 2325 566 2367 aon
577 2325 720 2382 possumus
736 2309 807 2367 :ltoe
821 2312 991 2366 manilestant
1002 2312 1082 2368 verba
1101 2329 1161 2384 quae
1179 2313 1298 2386 adjungit

514 2410 541 2457 al
553 2402 618 2457 dtctt
628 2443 636 2468 ,
648 2400 679 2458 si
692 2402 756 2456 enirn
770 2402 980 2457 itntttolancrimus
991 2401 1186 2458 abominationes
1197 2401 1298 2475 Ερμι-

514 2495 605 2548 mrem
624 2493 711 2564 palum
720 2494 801 2563 ipsis,
817 2493 997 2566 lapidabimur.
1012 2494 1068 2550 11ιι
1079 2510 1134 2550 non
1147 2495 1296 2567 intelligen-

516 2584 670 2656 tesquidam
681 2585 840 2656 interpretes
854 2586 952 2653 nostri,
977 2587 1016 2642 sic
1030 2586 1195 2657 interpretati
1213 2596 1296 2655 sunt,

514 2675 685 2742 utdicorent,
704 2674 762 2731 llon
776 2685 864 2746 potcst
879 2677 936 2732 deri
950 2678 990 2733 sic
1004 2679 1148 2750 :numquid
1161 2680 1297 2735 abomina-

514 2766 597 2822 tiones
606 2763 793 2838 Egyptiorum
802 2764 1000 2824 immolabimus
1009 2769 1121 2826 Domino
1131 2771 1185 2826 beo
1194 2771 1297 2827 nostrai

514 2855 577 2912 Cum
587 2858 672 2929 magis
687 2857 738 2914 lroc
751 2855 890 2929 Scriptura
902 2859 1013 2929 dixerit,
1033 2861 1094 2932 (grtia
1113 2860 1296 2933 AEgpptiorum

514 2949 723 3009 abominationes
736 2950 905 3006 immolaturi
927 2959 999 3007 sunt.
1026 2952 1078 3007 Alii
1089 2967 1154 3009 vero
1167 2953 1240 3008 latini
1258 2953 1297 3009 sic

515 3038 620 3104 babent,
633 3037 691 3095 Nou
707 3047 797 3111 potest
811 3040 870 3096 deri
884 3041 923 3096 sic
935 3082 943 3106 ,
957 3042 1080 3112 quoniam
1089 3042 1297 3100 abominationes

515 3128 699 3201 AEgypdorum
717 3146 770 3188 non
787 3131 984 3188 immolabimus
999 3134 1110 3189 [ιοιιιῑιιι
1129 3134 1181 3189 beo
1194 3144 1295 3190 uosuo.

514 3219 679 3276 Gootrarium
703 3236 812 3277 sensum
837 3221 901 3278 lacit
919 3223 1007 3279 addita
1025 3224 1295 3296 particulanegativa,

515 3324 571 3364 cum
592 3309 698 3382 libyssa
710 3310 828 3377 dixerit,
844 3310 871 3365 N
873 3327 906 3366 on
920 3321 1002 3384 potest
1020 3314 1076 3382 fleri
1089 3313 1125 3367 sic
1145 3312 1297 3368 :abundau-

515 3400 590 3455 tioncs
613 3400 681 3455 cuim
700 3399 885 3472 AEggptiorum
899 3403 1082 3460 immolabimus
1107 3403 1216 3460 Pontiae
1243 3405 1296 3461 Dra

515 3497 598 3560 uestra
609 3505 620 3545 .·
630 3498 658 3545 ιι
668 3490 728 3546 ideo
739 3491 765 3545 in
779 3505 902 3549 eremum
914 3492 1036 3549 dicebant
1048 3510 1078 3550 ιι
1091 3496 1130 3551 iro
1142 3495 1228 3563 velle,
1251 3496 1295 3552 uhi

516 3576 816 3649 tligypffinonviderent
830 3582 1042 3639 abominationes
1053 3598 1124 3640 suas.
1140 3585 1195 3641 11οι
1207 3595 1295 3643 autam

515 3669 710 3742 intelligendum
723 3681 765 3729 est
779 3674 891 3745 mystice
904 3674 1062 3746 significari,
1084 3676 1156 3747 quod
1169 3678 1248 3733 etiam
1261 3678 1296 3735 de

516 3762 662 3829 pastoribus
673 3762 806 3830 dicimus,
820 3764 865 3834 qui
878 3764 1093 3837 erantAEgyptiis
1105 3766 1295 3825 abominabiles

516 3848 597 3922 (dcta.
610 3866 683 3916 xtrr,
697 3852 733 3910 54
747 3851 777 3922 );
793 3861 820 3909 ιι
830 3853 890 3909 ideo
903 3864 1050 3924 separatam
1062 3865 1159 3911 torrent
1169 3857 1295 3915 israelitae

514 3948 689 4009 acceperunt,
702 3955 764 3997 oum
778 3951 908 3997 verterunt
920 3943 947 3998 in
961 3943 1115 4017 AEgyptum.
1130 3946 1174 4003 Sic
1183 3949 1254 4003 enim
1267 3956 1296 4004 ιι

514 4029 640 4090 ιιιιίιίιίι
653 4030 830 4088 israelitarum
841 4027 1051 4090 abominationes
1063 4044 1125 4091 sunt
1143 4036 1292 4110 AEgyptiis,

514 4119 578 4174 sicut
588 4119 685 4191 iniquis
697 4121 750 4176 vita
757 4122 900 4192 justorum.

544 4207 641 4264 mli.
650 4207 894 4285 [lb.vru,52.]Cum
903 4215 1293 4287 ablataessetloeusta,dictum

513 4309 550 4360 cst
561 4300 595 4357 de
604 4301 752 4369 Pharaone,
765 4302 798 4357 Et
813 4305 950 4375 irrpranusit
969 4306 1071 4363 Pharao
1083 4326 1210 4365 corsuum
1219 4312 1294 4366 ιιίιιιιι

513 4390 593 4446 inias
605 4402 725 4465 usupare,
738 4402 763 4450 ct
773 4396 854 4451 naluit
866 4398 990 4454 dintittcre
998 4402 1128 4472 papalum.
1137 4402 1215 4461 Certe
1223 4421 1294 4463 nunc

514 4480 675 4542 nondictum
687 4491 748 4551 est,
763 4483 931 4556 ingravatum
943 4497 985 4545 est
996 4505 1043 4546 cor
1052 4490 1215 4562 Pharaonis;
1228 4496 1291 4566 sed,

513 4567 649 4643 hemmam
665 4572 769 4631 Pharao
786 4592 831 4631 cor
843 4594 926 4633 suam.
947 4580 993 4638 Sic
1012 4581 1102 4654 utiquc
1123 4584 1150 4639 in
1170 4586 1293 4644 omnibus

514 4664 602 4736 plagis.
614 4667 634 4721 Α
646 4666 782 4724 voluntate
791 4671 890 4741 quippe
899 4671 1013 4730 hominis
1023 4683 1065 4731 cst
1073 4677 1148 4748 origo
1157 4677 1290 4735 vitiorum:

514 4766 653 4814 orarentur
665 4768 754 4815 autem
772 4763 862 4818 musis
874 4764 955 4818 corula
970 4764 1125 4835 bominum,
1147 4768 1209 4825 talia
1231 4770 1291 4836 sic,

515 4849 571 4916 talia
580 4866 644 4905 vcro
656 4851 710 4920 sie,
722 4852 801 4909 etiam
816 4868 869 4909 non
882 4849 998 4914 diversis
1009 4859 1097 4915 causis
1110 4861 1292 4932 sepedtverso

514 4937 608 5005 modo,
623 4940 767 4997 secundum
778 4943 899 5013 proprias
912 4946 1062 5017 qualitates,
1075 4964 1134 5019 quae
1148 4964 1182 5005 ex
1195 4949 1292 5006 volun·

513 5031 606 5087 uultus
617 5032 733 5088 reniunt.

546 5122 627 5178 m.
640 5122 689 5197 [lb.
705 5138 744 5189 ιι,
758 5124 797 5199 7.]
816 5125 910 5182 videns
923 5136 1008 5182 autem
1019 5128 1187 5202 Pharaogtria
1196 5143 1293 5189 nonest

512 5222 633 5267 sumtuum
642 5214 675 5267 de
681 5215 811 5284 pecorilas
820 5216 932 5287 filioram
943 5217 1025 5274 least
1034 5220 1123 5287 ulium,
1134 5223 1292 5295 ingravatum

512 5312 598 5360 atrar
608 5302 760 5360 Pharaonis.
774 5304 912 5373 Quomodo
929 5324 963 5365 ιι
976 5311 1116 5370 contrariis
1126 5316 1213 5371 musis
1224 5315 1291 5373 lacta

512 5405 550 5451 est
560 5395 619 5461 hac
632 5396 775 5468 ingravatio
787 5398 875 5455 cordis
894 5400 1057 5459 Pharaonis?
1070 5404 1098 5460 Si
1116 5407 1187 5461 enim
1205 5415 1233 5463 et
1247 5423 1293 5478 pe-

513 5498 569 5542 cora
584 5486 758 5545 lsraclitarum
777 5498 954 5559 morerentur,
979 5501 1041 5550 tuna
1058 5493 1193 5553 rideretur
1212 5513 1291 5556 causa

513 5585 661 5648 appetens
671 5593 722 5648 qua
739 5592 787 5634 avr
803 5578 861 5649 eius
881 5581 1063 5652 ingravaretur
1073 5584 1106 5639 ad
1118 5594 1292 5643 contemnen-

513 5665 571 5722 dunr
584 5668 677 5734 lienum
692 5677 815 5740 uuquam
827 5671 850 5726 si
862 5681 890 5726 ct
900 5673 968 5744 magi
983 5673 1040 5744 ejus
1053 5689 1149 5745 peoora
1159 5675 1292 5735 israelita·

513 5769 567 5811 ιιι)
580 5755 704 5812 iecissent
718 5757 801 5813 morl:
814 5775 884 5816 nuuc
896 5776 960 5817 vero
970 5762 1040 5818 unde
1051 5763 1142 5821 debuit
1152 5766 1185 5822 ad
1195 5768 1291 5825 timeu-

513 5846 571 5903 dum
593 5848 634 5904 vel
657 5848 819 5905 eredendum
842 5854 952 5921 moveri,
978 5855 1070 5911 videns
1089 5858 1190 5913 nullum
1212 5875 1292 5930 peetus

514 5945 640 5994 ιιιιιιιιιιι
661 5953 694 5993 ιι
715 5939 856 6009 pecoribus
877 5941 1064 6014 llebncorum,
1087 5948 1149 6004 ltine
1169 5949 1292 6022 ingrava-

542 6055 1291 6147 trutu,tnterrutoe.nbeetdcmoostrautaparuadaarrsn,

543 6272 714 6346 Pilum

1168 904 1268 961 ttltutt
1287 904 1475 966 SECUNDUS.

2084 923 2137 982 61111

1354 1029 1409 1079 tum
1423 1034 1480 1088 est:
1497 1026 1585 1097 idest,
1600 1030 1645 1087 illa
1661 1032 1804 1106 ingravatio
1815 1035 1894 1093 ctiam
1905 1036 1957 1094 huc
1971 1053 2054 1109 usaue
2069 1053 2135 1112 pro·

1350 1128 1441 1184 gressa
1456 1126 1506 1172 est.

1387 1204 1485 1260 xttltl.
1501 1205 1550 1281 [lh.
1562 1225 1598 1273 ιι,
1609 1209 1649 1284 8.]
1658 1211 1726 1281 Quid
1735 1217 2135 1286 estquoddicitllcusadharoa

1351 1300 1379 1348 et
1397 1292 1513 1366 lloyseu,
1536 1296 1635 1353 Sanun
1652 1300 1719 1355 colis
1737 1303 1922 1373 pteroanunua
1933 1310 2071 1383 [asilaus
2083 1314 2136 1381 sar·

1350 1384 1422 1450 naci,
1435 1393 1458 1438 et
1472 1398 1588 1459 aspmgm
1602 1388 1630 1443 11
1633 1406 1703 1460 optes
1716 1392 1742 1445 in
1755 1395 1844 1450 coelum
1861 1414 1945 1453 coram
1964 1398 2100 1456 Pharaone
2112 1409 2135 1455 ei

1350 1490 1436 1529 aarum
1450 1478 1526 1531 sonis
1536 1480 1601 1551 ejus,
1615 1491 1639 1534 et
1651 1481 1696 1550 fiat
1709 1484 1790 1551 pnlois
1803 1486 1829 1540 in
1840 1488 1954 1545 ornem
1965 1500 2031 1546 terra
2049 1490 2134 1564 AEgy·

1350 1566 1408 1636 pti?
1420 1566 1500 1639 Signa
1520 1571 1591 1627 enim
1612 1574 1761 1643 superiora,
1774 1578 1849 1649 virga
1868 1580 1976 1651 debant,
1989 1600 2067 1655 quam
2079 1601 2133 1641 ιοιι

1349 1655 1464 1728 hlopses,
1477 1660 1524 1716 sed
1543 1662 1630 1717 Aarrm
1643 1663 1684 1719 vel
1697 1666 1857 1723 extendebat
1873 1685 1953 1741 super
1971 1687 2076 1744 aquam,
2091 1676 2133 1731 rel

1349 1761 1381 1804 ea
1394 1756 1491 1804 terram
1505 1753 1684 1821 percutiebat:
1697 1770 1768 1812 ιιιιιιι
1778 1772 1842 1813 vero
1855 1757 2019 1831 interpositis
2030 1761 2133 1820 dtrobos

1349 1838 1617 1916 signisdceyuomyia
1625 1850 1652 1900 et
1660 1861 1783 1916 pacorum
1791 1850 1929 1918 mortibus,
1938 1851 1981 1909 ubi
1990 1868 2039 1909 nec
2047 1856 2135 1910 Aaron

1349 1929 1509 2003 necllopses
1515 1932 1697 2003 aliquidmanu
1705 1940 1806 2008 operati
1814 1939 1990 2008 suat,dicitur
1996 1952 2025 1999 ut
2031 1943 2135 2015 hloyscs

1348 2018 1463 2076 lavillam
1481 2032 1588 2094 spargat
1606 2025 1633 2080 iu
1651 2028 1748 2083 roelum
1760 2029 1795 2084 de
1808 2028 1926 2098 fornace,
1939 2044 1966 2090 ct
1975 2033 2044 2089 hauc
2056 2034 2135 2090 ambo

1348 2125 1454 2168 sumere
1463 2112 1599 2184 jubentur,
1609 2117 1656 2172 sed
1667 2117 1712 2173 ille
1722 2133 1847 2191 spargere
1858 2138 1911 2179 uon
1926 2124 1953 2179 in
1968 2133 2076 2193 terram,
2087 2127 2135 2181 scd

1348 2202 1376 2259 lu
1387 2204 1484 2260 coelum
1494 2224 1502 2260 z
1513 2213 1636 2278 munitam
1647 2209 1734 2266 baron
1744 2211 1874 2282 guidotus
1887 2221 1944 2270 erat
1955 2215 1987 2271 ad
1996 2217 2132 2287 populum,

1347 2297 1446 2348 terram
1460 2304 1599 2364 percutere
1608 2294 1727 2366 deberet,
1738 2300 1782 2356 rcl
1794 2301 1926 2358 interram
1936 2304 2025 2359 sivein
2039 2321 2134 2376 aquarn

1347 2395 1455 2436 manum
1469 2384 1627 2453 extendere;
1641 2386 1745 2460 llopses
1755 2404 1828 2453 voro,
1850 2391 1884 2447 de
1901 2408 1954 2463 quo
1965 2393 2065 2450 dictum
2081 2405 2133 2461 est,

1349 2469 1405 2524 Erit
1415 2470 1460 2525 ubi
1471 2470 1507 2545 (ιι)
1517 2489 1573 2544 gua
1584 2474 1618 2527 ad
1633 2474 1715 2531 Deam
1726 2476 1820 2544 (and.
1834 2494 1872 2547 tv,
1884 2482 1940 2553 16),
1952 2482 2080 2539 iuooelunt
2091 2485 2133 2554 ju·

1347 2557 1426 2615 betur
1436 2560 1691 2634 iavidamspargerc.
1702 2566 1770 2633 Qotd
1784 2568 1887 2624 duoilla
1902 2572 2132 2645 superiorasigua,

1348 2649 1392 2705 ubi
1407 2666 1457 2706 nec
1469 2651 1573 2722 ltoyses
1592 2655 1742 2711 accharon
1759 2672 1838 2713 mauu
1857 2660 1955 2731 aliquid
1968 2664 2134 2731 operantur?

1346 2738 1415 2808 Quid
1427 2741 1480 2798 sibi
1492 2743 1547 2797 vult
1560 2743 1608 2799 ista
1618 2744 1775 2802 diversitasl
1785 2763 1872 2819 neque
1883 2754 1954 2806 enirn
1966 2751 2042 2808 nihil.
2091 2799 2095 2804 .

1381 2831 1489 2890 mii.
1502 2832 1552 2906 [11).
1567 2850 1607 2901 ιι,
1621 2834 1677 2909 ld]
1694 2836 1727 2892 Et
1738 2849 1838 2911 propter
1851 2843 1898 2896 ltoa
1909 2843 1991 2913 ipsam
2002 2861 2134 2900 conamu-

1347 2932 1387 2979 tus
1399 2941 1436 2991 cs,
1452 2934 1479 2980 ut
1492 2929 1620 2983 ostendant
1638 2930 1664 2984 in
1678 2939 1702 2985 tc
1721 2932 1836 2987 uirtutem
1849 2950 1940 2999 meam,
1955 2943 1980 2991 ct
1990 2947 2018 2990 ιι
2031 2933 2132 2992 aunua-

1346 3014 1421 3069 tictur
1433 3032 1524 3071 nomen
1542 3013 1624 3072 mium
1644 3019 1671 3073 in
1692 3021 1807 3076 universa
1819 3032 1895 3077 terra.
1911 3023 1973 3079 llcc
1989 3024 2132 3097 Scriptura

1346 3103 1427 3159 vet-ba
1440 3112 1467 3159 ιι
1479 3105 1620 3175 Apostolus
1630 3108 1726 3177 posuit,
1736 3122 1797 3163 cum
1810 3111 1837 3164 in
1849 3111 1943 3167 eodeni
1957 3112 2016 3169 loco
2028 3114 2129 3184 perdil-

1347 3191 1408 3249 dcili
1417 3203 1578 3254 remoretur.
1592 3195 1630 3251 lbi
1641 3206 1728 3253 autem
1740 3208 1768 3253 et
1778 3197 1889 3255 hocait:
1903 3200 1935 3257 st
1949 3213 2031 3258 autem
2046 3204 2132 3260 rolern
2188 3239 2195 3246 -

1345 3282 1416 3339 Deus
1430 3287 1559 3341 ostendere
1576 3288 1650 3355 uuas,
1665 3297 1689 3343 ct
1705 3288 1876 3346 dartonururc
1893 3294 2028 3364 potentiam
2046 3312 2130 3362 suam,

1345 3376 1430 3430 attulit
1441 3376 1467 3430 in
1479 3377 1559 3431 multa
1573 3378 1692 3447 amantia
1703 3394 1761 3434 oasa
1772 3380 1835 3435 ira:
1846 3382 1979 3451 parcendo
1991 3385 2082 3456 utiquc
2098 3387 2131 3441 iis

1345 3479 1413 3536 quos
1432 3466 1516 3521 ariolos
1536 3465 1638 3521 iuturus
1655 3481 1715 3522 csse
1733 3470 1973 3542 praeclaramque
1992 3487 2054 3529 vasa
2067 3473 2132 3528 dicit

1346 3558 1461 3626 perlecta
1479 3557 1505 3611 in
1528 3556 1713 3628 perditionem.
1736 3557 1769 3613 Et
1787 3569 1815 3615 ιιι
1832 3571 1914 3625 notas,
1929 3562 2023 3632 inquit,
2038 3567 2132 3634 [ornet

1344 3645 1445 3700 diuitias
1455 3646 1543 3717 gioria
1554 3663 1608 3702 suc
1619 3647 1645 3702 in
1656 3664 1716 3703 oasa
1727 3650 1903 3706 misericordia
1915 3653 2002 3723 (dont.
2024 3669 2063 3721 ιι,
2081 3654 2129 3721 22,

1343 3737 1403 3808 23).
1413 3736 1490 3795 Unde
1502 3753 1625 3794 vasorum
1640 3738 1829 3796 misericordiae
1842 3755 1894 3798 vox
1904 3751 1945 3798 ost
1956 3743 1983 3798 in
1997 3744 2109 3800 Psalmis
2121 3762 2128 3797 :

1344 3826 1414 3883 Petra
1427 3843 1507 3894 meur,
1521 3828 1690 3884 misericordia
1703 3831 1759 3900 ejas
1770 3833 1901 3900 praemiat
1912 3849 1966 3898 nte,·
1980 3832 2050 3889 Deus
2062 3851 2130 3889 ιιιιιιι

1344 3917 1522 3973 denariorum
1535 3919 1597 3972 milri
1605 3919 1632 3973 in
1640 3918 1748 3974 inimicis
1760 3921 1821 3976 meis
1834 3919 1919 3995 (Psoi.
1931 3938 2004 3990 ιιιιι,
2016 3925 2059 3990 11,
2071 3924 2128 3996 ta).

1343 4009 1423 4066 Novit
1434 4024 1498 4082 ergo
1508 4010 1578 4066 Peos
1589 4010 1657 4066 benc
1671 4012 1708 4065 uti
1719 4011 1806 4077 malis,
1822 4012 1849 4068 in
1862 4014 1957 4085 quibus
1969 4023 2058 4071 ιιιιιιιι
2077 4016 2125 4070 hu·

1343 4116 1449 4158 manain
1458 4110 1578 4156 naturam
1591 4116 1644 4156 non
1651 4100 1684 4156 ad
1693 4102 1822 4157 malitiam
1831 4114 1914 4172 creat,
1923 4105 1969 4160 sed
1978 4105 2128 4175 perlerteos

1343 4192 1476 4263 patienter
1493 4206 1631 4263 quousque
1651 4193 1702 4247 scit
1714 4200 1852 4263 oporterc;
1869 4208 1922 4249 nou
1941 4194 2064 4262 inaniter,
2079 4197 2126 4252 aad

1343 4292 1421 4338 utens
1435 4281 1517 4338 eisad
1529 4280 1734 4338 admonitionem
1748 4284 1790 4339 vel
1809 4284 2024 4344 exercitationem
2039 4286 2126 4343 bono·

1343 4389 1412 4430 rum.
1427 4372 1498 4429 Ecce
1509 4372 1579 4427 enim
1591 4379 1622 4427 ut
1631 4374 1833 4430 annuntiaretur
1852 4390 1949 4431 nomen
1970 4376 2017 4433 bet
2031 4378 2059 4434 ia
2070 4379 2128 4433 uui·

1343 4478 1419 4520 versa
1440 4472 1521 4529 terra,
1542 4465 1612 4520 vasis
1631 4464 1820 4521 misericordia
1838 4468 1929 4538 ntique
1948 4468 2064 4540 prodest.
2085 4470 2128 4525 ed

1342 4569 1436 4611 eorum
1451 4554 1539 4625 itaqtre
1555 4555 1693 4610 utilitatem
1708 4556 1811 4611 Pharao
1823 4566 1945 4614 servatus
1956 4568 2007 4627 est,
2021 4560 2089 4615 sieut
2100 4570 2128 4616 et

1343 4646 1478 4717 Scriptura
1489 4654 1609 4712 testatur,
1621 4654 1649 4702 et
1658 4647 1745 4702 exitus
1756 4645 1843 4703 docet.

1377 4737 1498 4795 mill.
1514 4736 1563 4811 [11).
1576 4752 1613 4804 ιι,
1626 4738 1670 4805 lh,
1680 4737 1707 4800 6,
1718 4736 1776 4810 tu]
1784 4737 1852 4805 Quid
1861 4738 1983 4808 estquod
1994 4739 2127 4794 mandavit

1342 4829 1413 4886 Deus
1425 4828 1565 4894 Pharaoni,
1579 4842 1639 4882 cunr
1652 4841 1683 4882 se
1693 4825 1823 4883 lucturum
1837 4842 1958 4898 magnam
1971 4828 2126 4899 grandinem

1342 4920 1500 4984 minaretur,
1512 4927 1541 4972 ut
1551 4916 1658 4973 festinet
1669 4930 1830 4988 congregare
1843 4931 1939 4988 pecora
1952 4934 2011 4988 sua,
2022 4927 2127 4990 etque·

1342 5022 1456 5079 eumque
1470 5007 1506 5062 illi
1518 5018 1608 5063 assent
1627 5007 1653 5062 in
1670 5021 1773 5076 campo,
1788 5023 1822 5063 ne
1834 5008 1963 5078 grandine
1978 5009 2127 5064 intereunti

1342 5099 1394 5156 boc
1407 5098 1478 5156 cuim
1498 5113 1551 5154 nun
1566 5107 1619 5153 tarn
1639 5097 1804 5168 indignanter
1821 5114 1900 5170 quarn
1921 5099 2127 5156 misericorditer

1342 5188 1447 5247 ridetur
1465 5188 1618 5245 admonere.
1638 5188 1692 5244 Sed
1715 5188 1765 5244 boa
1783 5204 1835 5245 nou
1860 5189 1928 5247 lacit
1943 5193 2126 5263 qomuoncn,

1342 5279 1449 5354 quando
1463 5280 1533 5335 Deus
1547 5281 1625 5334 etiam
1645 5279 1765 5335 irascens
1784 5288 1916 5354 temperat
1930 5297 2045 5353 poenam.
2060 5282 2127 5339 llltrd

1342 5370 1467 5442 estquod
1476 5370 1571 5426 merito
1582 5379 1681 5437 movet,
1691 5371 1788 5442 quibus
1799 5388 1870 5429 uunc
1879 5375 2020 5445 pecoribus
2030 5389 2128 5432 cousu-

1342 5462 1422 5529 latur,
1437 5460 1460 5517 si
1473 5460 1562 5515 omnia
1576 5470 1678 5516 mortua
1698 5460 1805 5517 lucrant
1826 5462 1901 5534 plaga
1920 5465 2067 5536 superiore,
2081 5465 2126 5521 ubi

1342 5552 1472 5621 sumptum
1483 5559 1525 5605 eat
1532 5549 1737 5620 duoddiscrerit
1745 5553 1813 5608 Peos·
1822 5554 1891 5610 inter
1898 5569 1993 5626 pecora
2003 5555 2127 5610 liebraeo·

1342 5657 1402 5698 rum
1414 5649 1442 5698 et
1452 5640 1649 5713 Egyptiorum
1668 5642 1705 5697 ita
1719 5650 1748 5698 ut
1760 5644 1832 5700 illiue
1845 5644 1945 5700 nullum
1965 5653 2124 5710 moreretur,

1342 5732 1431 5788 omnia
1443 5747 1508 5789 vero
1519 5731 1704 5805 Aigyptiorum
1720 5750 1814 5805 peoora
1834 5745 2009 5792 morerentur.
2028 5736 2069 5790 Au
2091 5750 2126 5791 eo

1342 5822 1454 5879 solvitur
1463 5823 1585 5893 quaestio,
1597 5822 1668 5894 quod
1681 5824 1837 5894 praedixerat
1848 5839 1879 5879 ea
1892 5824 2017 5879 moritttra
2027 5840 2084 5894 quau
2097 5823 2124 5879 in

1342 5912 1568 5985 composuissent,
1582 5925 1611 5969 ut
1620 5913 1677 5969 hato
1690 5916 1851 5985 accipiantur
1864 5914 1965 5979 omnia;
1978 5914 2125 5986 intelligan-

1343 6014 1387 6062 tur
1396 6015 1484 6062 auteur
1497 6006 1612 6062 evasisse
1624 6021 1684 6077 qum
1698 6006 1724 6059 iu
1737 6005 1858 6060 domibus
1867 6013 1952 6071 eraut,
1964 6021 2023 6075 qua
2033 6017 2126 6077 potue·

1342 6104 1406 6154 rttut
1417 6097 1498 6153 etiam
1509 6111 1524 6151 a
1537 6094 1716 6151 dubitantibus
1736 6095 1833 6166 colligi,
1847 6103 1875 6152 ct
1893 6095 1921 6150 in
1935 6094 2016 6151 domo
2028 6097 2125 6164 teucri,

1343 6202 1378 6246 nc
1390 6170 1458 6244 loris
1467 6202 1558 6242 rorum
1567 6194 1638 6243 essct
1647 6185 1716 6255 quaid
1731 6183 1834 6272 lloyscs
1844 6186 1983 6244 bominum
1996 6187 2126 6252 laetorum

1373 6279 1412 6361 (a)
1423 6295 1538 6362 vulgata:
1550 6294 1603 6348 Eris
1614 6293 1670 6352 tiit
1680 6292 1726 6348 triv.
