5709 7534
538 853 606 914 reor
1218 843 1501 912 ermerannus.
2107 869 2181 936 qq,

537 966 603 1027 eet
614 964 774 1030 tammus
782 965 878 1037 posits,
888 972 916 1021 et
924 962 1060 1025 sudarium
1071 961 1142 1034 quot
1154 961 1239 1018 lucrat
1250 975 1331 1031 super
1386 962 1456 1033 eius,
1473 979 1527 1020 non
1541 980 1600 1022 eum
1614 966 1810 1029 linteaminibus
1824 976 1958 1046 positum,
1973 977 2021 1038 sed
2034 983 2179 1051 separatim

537 1066 617 1131 eaput
625 1056 695 1129 eles,
706 1072 762 1118 aaa
772 1072 837 1118 cum
848 1055 1044 1117 linteaminibus
1055 1055 1180 1125 positum,
1193 1052 1240 1112 sed
1253 1067 1331 1123 sepe-
1386 1046 1542 1112 luroiutum.
1559 1056 1659 1120 Deinde
1668 1068 1696 1116 et
1707 1059 1822 1121 loannes
1837 1065 1953 1135 intrarit,
1965 1078 1993 1124 et
2007 1069 2072 1126 ridit
2084 1071 2179 1134 simili,-

538 1151 617 1212 mtln
636 1149 789 1210 inrelntenr
807 1150 834 1205 iu
853 1163 934 1206 utrum
947 1147 1047 1202 lecum.
1067 1144 1142 1206 Turre
1154 1158 1218 1215 erqo
1231 1142 1332 1199 introiit
1384 1157 1438 1218 ter,
1460 1158 1488 1207 et
1505 1151 1618 1208 eredidit
1638 1153 1708 1225 qnod
1727 1154 1807 1213 ilaria
1827 1157 1947 1230 dixerat,
1969 1161 2103 1220 sublatum
2118 1179 2181 1226 essu

539 1241 624 1302 etills
641 1241 809 1313 discipulus,
831 1241 875 1312 qui
889 1246 999 1299 uenerat
1013 1237 1113 1309 primus
1126 1235 1160 1298 ad
1174 1250 1332 1296 mouumen-
1385 1239 1527 1298 bominum
1552 1241 1587 1298 de
1609 1245 1789 1303 monumento.
1804 1266 1814 1302 ι
1827 1248 1947 1307 Nondum
1961 1254 2033 1309 euim
2057 1254 2184 1321 sciebant

540 1342 605 1401 Μ.
618 1343 647 1391 tl
656 1334 734 1400 lidii.
744 1343 772 1394 st
782 1331 904 1391 credidit.
916 1329 1039 1387 Nondum
1049 1328 1120 1385 cuim
1131 1326 1251 1384 sciebant
1260 1325 1332 1389 Scri·
1385 1330 1561 1402 Scriptorum,
1577 1334 1639 1407 qula
1651 1337 1789 1407 oportebat
1801 1355 1885 1396 cuma
1898 1344 2011 1400 mortuis
2023 1359 2175 1416 resurgere.

539 1435 660 1498 psorem,
682 1425 747 1498 quis
768 1431 904 1495 oporteret
925 1438 990 1481 cuer.
1010 1438 1026 1477 a
1051 1420 1162 1479 mortuis
1180 1433 1330 1489 resurgere.
1385 1421 1516 1484 bbierum
1530 1438 1594 1495 erqo
1615 1425 1713 1486 iterum
1731 1428 1765 1485 ad
1778 1432 1935 1502 semetipsos
1948 1433 2081 1516 discipuli.
2094 1436 2185 1504 llaria.

540 1518 671 1585 Abiorum
683 1531 750 1590 erpo
765 1517 861 1576 iterum
874 1514 909 1572 ad
930 1514 1089 1584 semetipsos
1101 1511 1234 1582 discipuli.
1250 1510 1332 1568 llaria
1385 1523 1474 1570 autern
1488 1514 1576 1572 stabat
1588 1515 1622 1571 ad
1632 1531 1832 1576 monumentum
1842 1518 1907 1578 loris
1919 1523 2045 1594 plorans,
2063 1545 2072 1579 r
2089 1525 2115 1583 id
2133 1537 2177 1586 est

540 1607 730 1670 sumansu
749 1606 785 1672 sd
806 1613 1007 1668 monumentum
1031 1603 1095 1658 luris
1116 1602 1246 1673 morans:
1267 1598 1331 1657 dum
1386 1614 1449 1668 ante
1459 1605 1533 1664 illum
1546 1608 1619 1663 saxei
1632 1609 1747 1679 sepulcri
1760 1611 1857 1678 locum,
1868 1611 1915 1670 sed
1927 1622 2016 1672 tamen
2029 1615 2098 1672 iutra
2111 1616 2177 1676 illud

540 1713 604 1771 ⁸¹¹⁰
618 1697 712 1765 “Mi
728 1696 866 1758 intliwii
877 1710 923 1763 ὅθι
939 1703 967 1754 ⁰¹
987 1694 1122 1766 imbelli
1133 1692 1160 1748 5¹¹
1172 1706 1332 1750 mmmmm-
1384 1697 1501 1767 spatium
1520 1713 1574 1770 quo
1592 1698 1648 1771 jam
1672 1701 1799 1771 ingressu
1817 1701 1940 1759 itteram:
1963 1705 2057 1762 lrorlus
2078 1707 2177 1781 quippo

540 1798 612 1856 turm
626 1798 654 1851 et
665 1788 731 1851 ridit
740 1788 809 1848 duos
820 1786 928 1858 snpotos
940 1785 966 1841 in
979 1784 1046 1841 albis
1058 1783 1191 1852 solentes,
1204 1797 1285 1840 unum
1297 1780 1332 1838 sd
1385 1786 1440 1843 illic
1453 1796 1526 1854 erat,
1539 1788 1607 1844 sicut
1621 1788 1694 1848 idem
1707 1790 1826 1849 loannes
1838 1804 2027 1851 commemorat
2044 1794 2099 1869 (le.
2113 1812 2175 1864 ιιι.

540 1888 620 1952 ceput
633 1890 661 1946 et
673 1895 759 1936 uuuru
770 1879 805 1936 ed
825 1878 923 1951 pedes,
945 1877 989 1934 ubi
1005 1877 1119 1947 positum
1133 1874 1219 1934 iuerat
1236 1888 1333 1946 eorpus

540 1973 612 2034 less·
629 1972 724 2038 llieuul
744 1972 772 2030 ei
785 1972 842 2028 illl:
859 1970 962 2037 llulier,
979 1969 1043 2042 quid
1061 1969 1167 2042 ploras?
1189 1970 1256 2026 Dicit
1267 1969 1331 2030 eisr

539 2062 605 2132 Quia
618 2062 738 2120 tulerunt
756 2062 897 2122 mminurn
914 2076 1018 2128 meum,
1033 2069 1062 2118 et
1073 2061 1164 2121 nescis
1175 2060 1220 2118 ubi
1234 2074 1332 2131 posue·

540 2162 601 2211 rum
612 2169 686 2212 eum.
699 2155 764 2212 llaec
773 2170 834 2214 cunr
847 2154 968 2222 diabset,
979 2168 1107 2211 conuersa
1120 2164 1162 2216 est
1174 2161 1332 2220 retrorsum,

539 2252 567 2309 et
580 2244 646 2300 sidit
656 2244 750 2302 desum
763 2253 887 2315 stantem,
903 2254 932 2303 et
944 2260 998 2300 non
1009 2243 1110 2301 sciebat
1120 2243 1181 2314 quis
1192 2241 1270 2304 lesus
1279 2252 1331 2304 set.

540 2332 607 2392 llicit
620 2335 645 2392 el
659 2334 739 2392 iesus
753 2353 760 2391 a
775 2334 880 2403 liulier,
900 2334 964 2406 quid
989 2334 1096 2405 ploras?
1116 2349 1196 2405 quem
1215 2333 1331 2405 quarisl

540 2425 585 2490 illa
599 2428 757 2490 usumin
768 2428 830 2499 quia
841 2427 998 2489 hortulanus
1010 2437 1061 2495 est,
1075 2427 1139 2486 dicit
1149 2427 1173 2488 ei
1186 2444 1193 2481 ε
1208 2426 1331 2495 bonine,

538 2519 560 2574 si
576 2526 605 2583 tn
616 2519 746 2576 sustulisti
760 2534 834 2587 eunt,
849 2519 930 2578 dicito
945 2518 1010 2575 milri
1027 2518 1071 2574 ulti
1084 2518 1194 2588 posuisti
1211 2533 1272 2574 euur
1283 2559 1291 2583 ‚
1304 2526 1334 2578 el

538 2623 660 2680 mosum
675 2610 776 2668 tellam.
794 2609 863 2666 llicit
874 2610 899 2668 el
917 2610 1017 2667 lesus:
1033 2608 1123 2666 ilaria-
1136 2608 1273 2666 Conversa
1288 2608 1332 2670 illa

540 2699 658 2758 eicitei:
673 2692 810 2767 llabltom,
826 2700 899 2772 quod
909 2700 1007 2758 dicitur
1020 2700 1152 2771 Magister.
1168 2699 1236 2762 llicit
1247 2700 1271 2756 ei
1285 2699 1331 2758 le·

539 2808 602 2850 sus.-
616 2792 678 2852 Noli
694 2809 739 2854 me
754 2804 877 2865 tetigere,
891 2792 1009 2850 nondum
1024 2792 1097 2852 enim
1111 2791 1217 2852 ascendi
1231 2792 1265 2849 ad
1279 2792 1333 2850 Pa·

539 2893 606 2942 trem
619 2900 729 2944 neuras
744 2885 813 2942 rade
824 2895 913 2942 autern
926 2884 960 2942 ad
974 2883 1069 2942 batres
1082 2899 1166 2951 meos,
1180 2892 1207 2941 et
1220 2884 1264 2942 die
1275 2884 1330 2951 cir,

539 2975 665 3035 Ascendo
684 2976 718 3034 ad
742 2977 847 3035 Patrem
870 2985 1008 3035 meamet
1029 2979 1135 3035 l’atrcm
1148 2985 1282 3046 restrum,
1304 2987 1333 3035 ct

498 3123 501 3129 .
540 3067 623 3126 deuna
634 3083 727 3153 ¹nrturru
739 3075 769 3126 et
782 3067 865 3126 ὓιιιιιι
886 3075 1016 3126 restrum.
1035 3066 1111 3125 i'enit
1125 3068 1207 3126 llaria
1224 3069 1332 3140 luqu-

540 3160 599 3220 lene
619 3160 782 3218 annuntians
800 3160 956 3231 discipulis,
982 3159 1049 3227 eria
1064 3160 1117 3216 ridi
1139 3161 1290 3229 bominum,
1305 3169 1333 3217 et

539 3250 673 3309 baeedisit
683 3250 748 3314 mibi
762 3269 773 3304 r
786 3248 875 3323 (tnui.
887 3266 935 3317 xx,
949 3253 959 3309 l
978 3250 1033 3325 ld).
1047 3251 1076 3307 lu
1087 3251 1137 3308 bae
1146 3252 1255 3308 toronis
1268 3268 1332 3309 nar-

540 3341 642 3421 ratione
653 3339 712 3397 dies
725 3340 767 3396 rel
779 3350 946 3412 tempusque
956 3354 1062 3400 rentum
1075 3352 1117 3398 est
1126 3343 1159 3399 ari
1173 3358 1333 3400 monuruen·

540 3441 607 3496 tun,
619 3445 681 3486 errrn
691 3431 796 3488 cacteris
807 3432 951 3497 conuenite
968 3431 1032 3490 illud
1046 3433 1127 3492 etlam
1138 3432 1209 3503 quud
1221 3433 1275 3490 duo
1288 3449 1335 3495 an.

539 3522 591 3593 pell
603 3522 654 3578 risi
668 3532 741 3589 sunt,
764 3523 909 3586 coneordat
927 3539 987 3582 cum
1011 3525 1102 3583 Luca:
1126 3525 1173 3582 sed
1193 3527 1265 3596 quod
1287 3527 1333 3584 ille

539 3612 718 3673 suntesdicit
737 3614 949 3686 angelomum,
966 3616 1016 3673 iste
1036 3625 1125 3674 autem
1146 3617 1286 3687 senentes,
1306 3629 1334 3677 et

539 3712 637 3766 cetera
649 3720 709 3776 quae
720 3706 757 3762 illi
768 3721 823 3766 uon
832 3705 933 3774 disum,
943 3707 1076 3778 quomodo
1088 3707 1131 3764 bie
1141 3712 1243 3780 possint
1257 3711 1334 3768 intel.

540 3793 584 3866 tqi
597 3809 652 3852 non
664 3794 818 3866 discrepare
827 3810 842 3852 a
852 3797 966 3864 essens
979 3806 1007 3855 et
1015 3814 1068 3869 quo
1080 3798 1173 3857 ordine
1181 3808 1255 3871 qesta
1267 3800 1331 3871 sint,

540 3890 590 3950 nisi
600 3890 743 3964 diiigenter
755 3891 969 3960 considerentur,
981 3894 1154 3964 repugnantia
1169 3904 1281 3965 possunt
1291 3895 1332 3953 ri-

540 3983 607 4048 deri.

573 4075 620 4134 bi.
635 4074 803 4146 Quapropter
812 4074 870 4132 base
879 4074 967 4132 onrrria
976 4090 1036 4146 quar
1046 4075 1115 4132 eirca
1127 4083 1231 4147 tempus
1241 4090 1333 4134 resur·

540 4167 666 4234 munim
675 4166 781 4230 nomm
795 4166 863 4225 laeta
872 4175 945 4231 sum,
957 4166 1104 4225 meandum
1114 4167 1232 4223 oninium
1244 4168 1330 4225 Erae.

540 4258 694 4330 pelismum
718 4256 871 4316 testimonia
897 4256 924 4313 iu
949 4271 1001 4314 una
1024 4257 1137 4327 quadani
1161 4256 1332 4329 uenatione,

541 4357 669 4421 quitum
683 4363 735 4410 nes
748 4348 875 4406 liommm
887 4347 1028 4417 adjurarit,
1043 4349 1264 4419 quemadmodum
1277 4350 1334 4423 geri

542 4439 692 4525 potuerim,
716 4438 880 4500 ordinemus.
896 4439 985 4496 Priora
998 4439 1101 4499 sabbati
1114 4440 1243 4509 diluculo,
1265 4442 1335 4500 sicut

542 4545 636 4594 ornem
644 4530 827 4599 consentium,
837 4539 945 4588 rentum
955 4539 997 4588 est
1005 4530 1039 4587 ad
1051 4539 1263 4590 monumentum.
1275 4532 1334 4590 Janr

543 4620 643 4678 Mem
660 4629 720 4678 erat
740 4620 811 4693 quod
831 4622 906 4678 solue
924 4620 1064 4686 llattlraeus
1086 4633 1279 4688 commemorat
1300 4623 1335 4682 de

544 4721 622 4772 ιιπω
634 4721 710 4769 motu
729 4722 757 4770 et
768 4711 856 4785 lapide
867 4713 990 4770 reuoluto
1002 4714 1207 4785 conterritisque
1218 4715 1336 4774 custodi·

543 4805 604 4876 bos,
618 4806 654 4862 ita
664 4814 693 4862 ut
704 4805 731 4862 in
744 4814 820 4878 parte
832 4804 917 4875 aliqua
929 4806 1000 4862 rolrtt
1010 4806 1106 4861 mortui
1114 4806 1244 4877 jacerem.
1255 4806 1336 4866 Venit

543 4905 644 4966 sutem
657 4897 727 4958 sieut
738 4896 856 4954 ioannes
865 4895 939 4963 dicit,
953 4896 1035 4959 llario
1045 4896 1206 4967 llaqdalene,
1217 4898 1275 4957 siue
1284 4898 1339 4958 dua

544 4987 589 5044 irie
602 4988 708 5048 steteris
717 4988 871 5046 mulieribus
882 4989 902 5055 ¹,
918 5004 977 5058 quse
988 4988 1100 5046 bonduo
1111 4989 1333 5059 ministraveram,

544 5080 687 5152 plurinum
713 5080 856 5137 dilectione
879 5079 1037 5148 torrentior,
1065 5089 1095 5140 ut
1120 5097 1175 5139 uon
1188 5082 1336 5150 ¹immerito

543 5170 661 5237 murres
673 5171 760 5228 solam
781 5180 1019 5239 commemoraret,
1035 5174 1121 5229 tacitis
1139 5174 1178 5232 eis
1196 5190 1256 5246 quae
1275 5191 1337 5233 cum

1384 1879 1441 1949 tt).
1457 1880 1531 1936 Tunc
1543 1880 1666 1937 viderunt
1675 1884 1799 1958 angelum
1811 1885 1949 1941 sedentem
1959 1901 1975 1941 a
1985 1886 2086 1943 dextris
2096 1904 2178 1960 super
2237 1951 2240 1958 ,

1385 1971 1501 2043 lapidem
1513 1974 1662 2032 revolutum
1675 1990 1691 2032 a
1702 1987 1886 2046 monumento,
1899 1978 1933 2034 de
1944 1994 1998 2049 quo
2011 1980 2105 2052 angelo
2117 1995 2185 2038 uam.
2235 1965 2239 1975 ’

1385 2072 1444 2118 ram
1455 2062 1593 2122 llattbaus
1606 2064 1755 2134 etblareus.
1772 2067 1870 2123 clune
1884 2068 1923 2124 cis
1937 2068 2021 2137 dixit,
2042 2069 2129 2129 Nolite
2142 2070 2179 2128 tl-.

1384 2169 1470 2226 mere,
1485 2170 1552 2212 ros:
1574 2157 1631 2218 scio
1651 2157 1722 2214 euim
1735 2158 1806 2230 quod
1819 2158 1911 2215 lesum
1925 2159 1970 2231 qui
1984 2160 2125 2218 crucifixus
2137 2168 2180 2230 est

1384 2249 1521 2323 quaeritis3
1537 2264 1589 2308 nott
1602 2257 1644 2305 cst
1663 2250 1718 2320 irie,
1731 2250 1847 2308 surrexit
1859 2251 1931 2308 euim
1945 2253 2015 2309 sieut
2028 2252 2114 2310 dixit:
2130 2267 2178 2313 re·
2223 2289 2226 2294 ν

1384 2339 1440 2400 nite
1459 2347 1486 2396 et
1500 2340 1586 2396 ridete
1610 2341 1696 2398 locutu
1721 2340 1765 2396 ubi
1784 2340 1886 2412 positus
1907 2351 1965 2398 erat
1980 2341 2119 2400 Dominus.
2144 2343 2178 2408 m

1385 2431 1439 2490 cito
1454 2440 1549 2488 euntes
1568 2430 1647 2487 dicite
1667 2431 1803 2501 discipulis
1823 2431 1897 2500 ejus,
1918 2431 1980 2501 quia
2000 2432 2133 2498 surrexit;
2148 2441 2178 2494 et

1384 2524 1589 2598 ccceprarccdit
1607 2538 1655 2582 ros
1677 2524 1703 2580 in
1722 2523 1878 2588 Gallinam,
1905 2524 1940 2579 ibi
1962 2523 2178 2594 nonnichium

1384 2631 1448 2678 esee
1458 2616 1510 2674 dixi
1526 2616 1601 2673 robis
1617 2634 1627 2670 r
1646 2615 1762 2685 :quibus
1778 2614 1872 2672 similia
1886 2613 1988 2671 Marcus
1998 2626 2104 2686 quoquc
2121 2628 2176 2678 nou

1385 2708 1477 2766 tacuit.
1498 2707 1538 2762 ttd
1554 2707 1612 2763 lraec
1629 2707 1709 2765 rerba
1724 2705 1803 2761 bieria
1816 2704 1879 2762 doru
1891 2703 1984 2771 tieret,
2000 2703 2178 2762 inclinavisse

1384 2807 1412 2858 et
1427 2797 1564 2868 prospexit
1582 2797 1609 2851 iu
1624 2805 1834 2861 ntorumcntum,
1848 2802 1876 2851 ct
1894 2794 1959 2851 uidit
1970 2793 2038 2852 duos
2050 2794 2177 2868 angelos,

1385 2893 1456 2950 sieut
1465 2891 1529 2948 dicit
1538 2889 1665 2957 loannes,
1678 2890 1704 2946 iu
1716 2888 1784 2944 albis
1794 2887 1935 2954 sedentes;
1948 2902 2029 2943 unum
2039 2885 2073 2941 ad
2086 2894 2176 2958 caput,

1384 2992 1413 3040 et
1426 2998 1507 3042 uurrm
1520 2980 1553 3038 ad
1568 2980 1667 3052 perles,
1690 2979 1735 3035 ubi
1750 2978 1865 3051 positum
1886 2976 1972 3032 lucrat
1984 2990 2082 3046 eorpus
2099 2973 2174 3033 iesu.

1386 3091 1397 3128 r
1411 3074 1506 3137 bierunt
1519 3073 1544 3130 ei
1557 3071 1595 3128 illi
1609 3089 1616 3125 ε
1632 3070 1735 3133 liulier.
1750 3067 1812 3141 quiri
1825 3065 1934 3141 ploras?
1954 3066 2022 3121 llicit
2035 3065 2093 3122 eis:
2107 3063 2174 3136 Quia

1385 3163 1656 3226 tuleruutllouriuum
1680 3174 1788 3229 meum,
1810 3167 1838 3216 et
1857 3157 1949 3214 nescio
1969 3155 2014 3212 ubi
2028 3163 2177 3230 posuerunt

1385 3272 1458 3313 eum.
1474 3256 1523 3313 llic
1535 3252 1698 3325 intelligendi
1710 3261 1772 3308 suut
1783 3249 1932 3307 surrexisse
1940 3248 2038 3322 angeli,
2052 3256 2080 3305 ut
2093 3247 2179 3306 etiam

1384 3355 1487 3402 stautes
1500 3344 1661 3410 riderentur,
1675 3343 1744 3399 sicut
1755 3355 1801 3398 eos
1817 3341 1903 3396 Lucas
1916 3339 1988 3395 risos
2003 3336 2085 3396 luisse
2100 3351 2175 3396 cenr-

1385 3444 1528 3503 memorat,
1538 3442 1566 3491 et
1575 3433 1673 3492 dixisse
1682 3431 1828 3492 secuudum
1839 3429 1961 3487 eumdem
1970 3428 2069 3485 Lucam
2079 3428 2177 3484 linteus

1387 3529 1458 3588 tibus
1477 3528 1632 3585 mulieribus
1652 3535 1679 3583 et
1693 3526 1795 3586 tultum
1809 3525 1837 3581 iu
1851 3533 1948 3580 terram
1967 3520 2176 3589 declinantibus,
2204 3544 2207 3548 ·

1389 3621 1482 3689 «Quid
1492 3621 1610 3694 quaeritis
1620 3619 1751 3676 uirentem
1763 3634 1826 3675 cum
1844 3614 1973 3673 mortuis?
1992 3629 2044 3671 nou
2060 3622 2100 3671 est
2114 3613 2177 3683 bie,

1387 3711 1436 3769 scd
1450 3710 1582 3768 surrexit:
1597 3707 1772 3766 recordamini
1787 3705 1900 3781 qrralitcr
1917 3706 2020 3762 locutus
2034 3713 2075 3760 est
2086 3703 2178 3773 nobb,

1387 3817 1449 3857 cum
1461 3801 1549 3857 adbuc
1563 3800 1590 3855 iu
1604 3798 1713 3857 Galilaea
1726 3805 1808 3868 essct,
1822 3796 1922 3862 diceus,
1936 3796 2003 3865 Quia
2017 3801 2121 3867 oportet
2132 3794 2180 3852 ri·
2275 3858 2280 3865 ,

1388 3892 1452 3948 lium
1467 3892 1582 3948 bominis
1596 3892 1662 3947 tradi
1677 3891 1704 3946 in
1725 3905 1820 3946 marrus
1834 3888 1970 3944 bominum
1992 3895 2177 3959 peccatorum,

1387 3982 1554 4054 eterucillgi
1569 3990 1596 4038 et
1608 3981 1652 4037 die
1665 3979 1739 4036 tertia
1755 3994 1903 4050 resurgere.
1918 3978 1953 4034 Et
1963 3978 2180 4036 recordataesunt

1387 4073 1529 4129 uerborum
1543 4072 1609 4142 eius.
1626 4071 1687 4126 Post
1701 4069 1758 4125 hacc
1771 4082 1900 4124 conversa
1915 4077 1956 4123 cst
1965 4075 2108 4122 retrorsum
2119 4065 2180 4120 lla-

1387 4166 1443 4235 ria‚
1458 4174 1486 4221 et
1499 4165 1565 4222 uidit
1577 4164 1670 4221 lesum
1689 4171 1822 4228 stantem,
1837 4159 1905 4216 sicut
1920 4160 1984 4215 dicit
2002 4160 2135 4225 loannes,
2150 4166 2179 4213 et

1388 4274 1443 4315 non
1452 4257 1552 4315 sciebat
1561 4256 1623 4330 quia
1633 4255 1711 4312 lesus
1720 4265 1768 4311 est.
1782 4254 1850 4309 Dicit
1858 4254 1882 4309 ei
1892 4252 1969 4308 lesus
1981 4269 1987 4307 :
2000 4249 2102 4317 llulier,
2114 4249 2181 4321 quid

1389 4349 1496 4423 plorasl
1508 4363 1587 4421 quern
1599 4346 1715 4420 quaeris?
1730 4346 1775 4403 lila
1786 4345 1941 4402 existimans
1950 4343 2010 4415 quia
2021 4341 2184 4401 hortulanus

1388 4450 1447 4509 est,
1469 4441 1533 4496 dicit
1546 4441 1590 4496 ci:
1606 4437 1735 4507 bertine,
1757 4437 1780 4493 si
1801 4445 1829 4492 tu
1848 4433 1976 4492 sustulisti
1998 4448 2075 4500 eum,
2099 4430 2181 4489 dieite

1389 4532 1456 4590 mibi
1471 4533 1513 4588 ubi
1529 4532 1640 4604 posuisti
1661 4546 1737 4598 curn,
1758 4538 1785 4586 ct
1804 4544 1854 4601 ego
1872 4544 1932 4585 enm
1951 4526 2053 4584 tollam.
2074 4525 2141 4582 llicit
2154 4525 2180 4582 el

1388 4624 1485 4682 lesus:
1500 4623 1592 4679 uaria.
1608 4621 1743 4679 Conversa
1757 4620 1801 4675 illa
1817 4618 1880 4675 dicit
1894 4618 1918 4673 ei
1934 4637 1941 4673 :
1956 4616 2092 4682 mutent,
2107 4615 2181 4687 quod

1388 4714 1485 4771 dieitur
1497 4714 1633 4785 magister.
1654 4711 1722 4767 llicit
1743 4711 1768 4768 ei
1791 4709 1869 4766 lesus
1884 4725 1891 4762 ε
1906 4706 1965 4763 b'oll
1982 4706 2031 4762 'me
2050 4714 2177 4775 tangore:

1388 4805 1506 4864 nondum
1518 4805 1589 4861 enim
1603 4802 1710 4861 ascendi
1723 4801 1756 4858 ad
1769 4800 1874 4857 Patrem
1884 4813 1973 4855 meum
1986 4816 1994 4852 r
2008 4795 2075 4853 rade
2089 4804 2180 4852 autern

1389 4899 1422 4958 ad
1438 4899 1532 4955 tratres
1545 4912 1629 4963 meos,
1640 4905 1667 4953 ct
1676 4895 1719 4951 dic
1731 4895 1781 4965 eis,
1794 4891 1916 4950 Ascendo
1926 4891 1959 4946 ad
1974 4891 2077 4946 Patrem
2088 4901 2180 4944 meum

1388 4993 1525 5051 etPatrern
1533 5000 1649 5049 restrum
1661 4989 1777 5046 etlleum
1791 5002 1878 5044 mcum
1892 4985 2011 5042 etlieum
2021 4990 2152 5039 restrum.
2166 4999 2177 5035 r

1389 5086 1464 5143 Tunc
1478 5098 1584 5155 egressa
1604 5091 1645 5138 cst
1657 5096 1673 5136 a
1686 5088 1871 5145 monumento,
1892 5076 1944 5133 lroe
1958 5083 2000 5132 est
2013 5074 2048 5131 ab
2060 5074 2107 5131 illo
2121 5073 2182 5131 loco

1390 5178 1435 5233 ubi
1448 5184 1505 5233 erat
1517 5174 1585 5230 berti
1595 5174 1709 5246 spatium
1720 5181 1781 5228 amc
1792 5170 1908 5242 lapidem
1921 5168 2066 5226 effossum:
2082 5176 2183 5224 etcum

545 5264 593 5326 illa
604 5264 722 5332 luemus,
736 5265 805 5322 sicut
814 5264 859 5321 alii
871 5274 1010 5322 testamur.
1022 5264 1182 5338 leniterqo,
1193 5277 1220 5324 et
1231 5277 1262 5325 ut
1271 5268 1338 5336 ridit
1390 5269 1434 5326 llla
1448 5266 1517 5335 alia,
1530 5280 1596 5337 quas
1609 5263 1755 5322 secundnm
1768 5263 1886 5326 blancum
1898 5264 2034 5318 inuaserat
2047 5270 2184 5316 tremeret

543 5355 660 5428 lapidera
681 5354 818 5415 subtatum
837 5371 853 5413 a
867 5364 1057 5422 monumento,
1079 5367 1221 5429 autequam
1236 5361 1337 5432 aliquid
1389 5373 1486 5430 parom
1505 5367 1531 5414 et
1544 5356 1644 5412 nemini
1661 5353 1806 5426 quidquam
1820 5351 1955 5410 dicebant.
1966 5351 2121 5422 Tunclam,
2137 5364 2183 5404 se·

543 5446 695 5521 diligerem
708 5448 864 5520 inspiceret,
875 5465 929 5506 nou
942 5449 1066 5506 dubitans
1078 5450 1194 5506 ablatum
1206 5452 1267 5508 iude
1277 5467 1338 5510 csse
1389 5450 1506 5506 cundum
1519 5448 1683 5516 matthaeum,
1695 5465 1703 5498 r
1716 5443 1866 5506 eccelcsus
1877 5442 1995 5506 occurrit
2006 5442 2058 5497 illis
2070 5439 2182 5495 diceus:

545 5555 642 5612 emm!
654 5539 737 5607 teu,
756 5541 890 5608 cucurrit,
907 5540 975 5597 sieut
997 5541 1061 5597 dicit
1075 5540 1144 5597 idern
1159 5541 1291 5609 loannes,
1310 5555 1338 5603 et
1390 5543 1483 5598 Arcto.
1510 5540 1564 5596 illae
1587 5548 1677 5597 autem
1700 5546 1870 5594 accesserunt
1890 5545 1917 5591 et
1939 5540 2078 5589 tenuerunt
2098 5530 2182 5601 pedcs

544 5633 675 5690 nuntiam
687 5633 768 5689 Petro
779 5641 858 5704 atquc
869 5633 918 5705 ipsi
932 5632 1038 5690 loanni.
1053 5632 1113 5705 lpse
1123 5644 1165 5690 est
1174 5636 1244 5691 enirn
1255 5637 1336 5694 disci·
1390 5636 1492 5706 cjns,'et
1503 5632 1680 5690 adoraverunt
1689 5647 1761 5691 eum.
1775 5630 1835 5686 »Sic
1847 5628 1917 5683 enim
1928 5625 2076 5695 colligimus
2090 5633 2117 5678 ct
2130 5639 2182 5678 an·

545 5724 622 5797 pulos
634 5740 714 5797 quem
726 5723 832 5781 amabat
841 5724 928 5781 lesus.
941 5725 1023 5780 mitti
1036 5739 1143 5782 currere
1153 5738 1292 5798 eoeperunt
1304 5728 1338 5786 ad
1389 5727 1510 5799 gaiorum
1526 5726 1714 5786 allocutionem
1733 5723 1773 5778 bis
1792 5733 1904 5776 nurnero
1923 5732 1969 5775 eas
1990 5716 2115 5772 babuisse
2137 5729 2183 5771 re·

544 5828 763 5886 monumentum,
785 5826 814 5873 et
825 5817 991 5889 preveniens
1006 5816 1123 5874 loannes
1138 5819 1275 5877 inclinarit
1288 5837 1336 5892 se,
1390 5819 1495 5875 niemes
1508 5817 1542 5880 ad
1567 5821 1780 5876 monumentum,
1804 5818 1831 5865 et
1853 5809 1935 5878 ipsius
1949 5804 2052 5862 Domini
2069 5823 2077 5859 :
2097 5805 2181 5860 semel

544 5919 572 5968 et
584 5910 651 5979 ridit
663 5911 747 5983 posita
762 5910 925 5975 linteamina,
937 5923 987 5965 trec
1000 5909 1107 5966 intrarit
1119 5930 1127 5965 :
1143 5912 1237 5969 Petrus
1249 5924 1338 5972 autent
1391 5911 1494 5967 seilicet
1504 5903 1757 5980 illicquaudollaria
1768 5900 1935 5956 hortulanum
1946 5898 2062 5970 putarit;
2074 5906 2101 5952 et
2111 5912 2182 5953 uurrc

543 6010 704 6058 censecutos
717 5999 826 6055 intrarit
844 5999 871 6055 in
885 6008 1100 6065 monumentum,
1116 6010 1143 6057 et
1156 6002 1222 6058 vidit
1242 6004 1338 6062 lintea-
1392 6006 1488 6061 iterum
1503 6016 1563 6057 cum
1576 6000 1614 6055 eis
1624 5994 1737 6053 occurrit
1750 5993 1776 6047 in
1787 5992 1839 6059 ria,
1853 6000 1883 6046 ut
1896 6005 1942 6046 eas
1953 5990 2009 6060 ipsa
2020 5988 2182 6059 repetitione

545 6091 617 6152 nim
631 6090 735 6164 pesile,
760 6098 788 6147 st
807 6088 943 6146 sudarium
958 6090 1029 6160 quod
1053 6089 1140 6148 lucrat
1159 6107 1240 6163 super
1260 6102 1339 6166 eaput
1391 6080 2185 6163 srrmsret,atqueatimorerecrearct.‹Tuueemoaitillisr

575 6225 585 6258 ι
597 6225 666 6291 Μ,
674 6238 731 6279 m,
741 6221 836 6278 cm,
854 6220 1001 6277 mmm-m
1015 6231 1043 6277 A,
1053 6230 1106 6278 m
1119 6232 1202 6278 wem
1213 6228 1328 6293 pmioeh
1391 6190 1480 6248 Nolite
1499 6187 1602 6252 timere,
1623 6182 1669 6247 ite,
1683 6180 1802 6236 nuntiate
1813 6176 1936 6234 iratribus
1942 6174 2023 6238 meis,
2037 6181 2066 6228 ut
2079 6180 2143 6228 eaut
2157 6171 2182 6228 in

542 6297 607 6352 snt
1330 6267 1338 6296 ⁹
1366 6344 1370 6354 ,
1393 6277 1548 6349 Gallinam,
1562 6276 1596 6337 ibi
1611 6290 1655 6333 rue
1667 6272 1806 6333 ridebunt.
1816 6269 1895 6328 l'enit
1908 6281 1972 6339 erqo
1985 6264 2068 6323 llaria
2078 6263 2182 6340 linqua·
