5709 7534
511 845 575 900 tota
842 839 887 896 oe
905 813 1080 898 consensu
1101 840 1421 908 etttsoemsranoar,
1442 844 1471 898 s.
1489 841 1671 900 sucosam
1690 842 1754 898 arn.
1775 842 1795 897 ι.
1959 850 1965 866 ·
2068 850 2136 906 aare

511 971 523 1010 t
543 957 670 1024 obiicere,
686 955 755 1026 qnod
770 955 818 1027 ipsi
830 956 1007 1027 Erarrgetistae
1021 957 1090 1013 inter
1100 957 1202 1028 seipsos
1216 957 1373 1012 dissentiant
1389 975 1398 1010 r
1418 956 1485 1028 (tlt.
1502 959 1528 1023 t,
1544 975 1601 1029 cop.
1616 960 1644 1027 t,
1668 976 1694 1014 a.
1711 958 1766 1032 ab).
1781 958 1902 1036 Etbrriqis
1915 960 1986 1032 quod
1997 960 2031 1016 ad
2050 972 2142 1018 certos

510 1052 579 1104 lactis
591 1049 762 1104 succinebant
776 1048 930 1115 ltarncbaci,
946 1063 1023 1117 qttos,
1037 1050 1164 1105 utrirtere
1178 1049 1240 1104 iicet
1252 1048 1364 1105 inlibris
1379 1057 1472 1104 eontra
1488 1050 1629 1117 Faustum,
1648 1052 1798 1122 Evangeliis
1808 1052 1911 1109 additus
1930 1053 2012 1109 titisse
2031 1054 2135 1110 catum-

507 1141 659 1198 niabaatur.
675 1141 756 1209 btqui
770 1141 918 1211 Augustino
932 1155 984 1195 uon
998 1141 1062 1196 satis
1079 1139 1166 1197 tuitea
1179 1141 1320 1197 conciliare
1339 1141 1374 1198 de
1391 1142 1487 1211 quibus
1502 1143 1575 1198 litem
1591 1143 1734 1201 movebant
1752 1146 1795 1201 isti
1807 1147 1939 1215 haretici,
1961 1157 2054 1204 contra
2072 1163 2144 1221 quos

508 1233 676 1304 putiseirnum
692 1230 772 1286 tetus
786 1230 985 1287 Tesmmentum
999 1230 1174 1297 defendebam
1195 1248 1307 1300 rerum,
1327 1243 1356 1292 οι
1368 1231 1435 1288 Noti
1456 1248 1561 1304 quoque
1582 1233 1743 1292 Testamenti
1761 1246 1940 1309 propugnator
1956 1239 2052 1295 merito
2075 1239 2138 1310 jure

506 1327 621 1393 eradicet,
636 1336 749 1398 quatuor
761 1326 1006 1397 Erartgclistarum,
1020 1335 1075 1381 man
1088 1327 1114 1382 in
1128 1326 1211 1396 gestis
1223 1325 1410 1393 recensendis,
1424 1342 1505 1397 quam
1515 1326 1541 1382 in
1555 1326 1649 1384 ordine
1661 1328 1720 1400 ipso
1736 1331 1895 1388 narrationis
1918 1347 2051 1388 summam
2069 1346 2137 1389 con·

506 1418 625 1473 cordiam
636 1417 820 1474 dentoustrare
833 1429 874 1474 est
885 1431 1037 1488 aggressus.

542 1510 614 1565 Fieri
629 1526 694 1568 sane
705 1527 757 1567 non
771 1511 857 1585 potuit
866 1512 930 1581 quin
942 1511 967 1566 ei
980 1511 1127 1567 lucubratio
1140 1509 1198 1565 tanc
1210 1525 1306 1581 magno
1320 1520 1412 1568 staret.
1427 1525 1495 1567 nane
1507 1510 1579 1566 illam
1594 1510 1620 1565 in
1633 1509 1759 1569 Tractatu
1773 1513 1826 1569 ltu
1839 1515 1866 1570 in
1892 1515 2039 1582 ioannem,
2055 1534 2082 1572 u.
2108 1519 2133 1584 t,

506 1604 655 1659 brboriosas
668 1604 771 1659 litteras
786 1612 880 1669 t·ocat;
895 1617 927 1660 ac
938 1617 1031 1659 rursus
1045 1603 1071 1658 in
1082 1602 1209 1657 'tractatu
1224 1602 1285 1661 lli.
1297 1618 1325 1657 n.
1339 1601 1366 1669 2,
1383 1616 1426 1656 res
1439 1601 1475 1657 ibi
1485 1616 1544 1658 esse
1556 1600 1745 1670 operosissimo
1765 1602 1912 1674 disputatas
1931 1606 2008 1674 dicit,
2031 1607 2141 1668 Scilicet

504 1694 650 1749 destitutus
660 1703 718 1750 erat
732 1695 764 1750 iis
777 1694 949 1765 adjumentis,
962 1695 1058 1765 quibus
1070 1693 1190 1749 instructi
1202 1692 1276 1749 tuere
1288 1701 1416 1763 quotquot
1431 1700 1522 1761 postea
1538 1691 1565 1746 in
1578 1690 1649 1747 idem
1667 1691 1731 1748 iilud
1753 1704 1937 1763 argumentum
1955 1696 2140 1764 desudarunt,

506 1787 550 1859 qui
567 1796 656 1841 tarrreu
670 1787 720 1857 ipsi
731 1787 850 1857 uestigiis
860 1789 920 1858 ejus
933 1788 1097 1854 insistentes,
1105 1787 1151 1842 aix
1162 1785 1307 1857 quidquam
1320 1783 1433 1855 alicujus
1443 1784 1570 1840 momemi
1585 1784 1730 1853 invenere,
1745 1785 1817 1855 quod
1831 1787 1875 1843 ille
1888 1801 1941 1843 uon
1951 1787 2070 1844 dixisset.
2086 1789 2143 1845 ltoc

506 1897 574 1951 opus
590 1882 664 1937 libris
676 1880 711 1936 de
723 1881 860 1948 trinitate,
874 1895 942 1952 qnos
949 1881 1004 1951 jam
1012 1880 1151 1936 inchoarat
1161 1920 1168 1946 ,
1180 1877 1340 1935 insanisse
1350 1918 1359 1945 ,
1371 1875 1487 1932 corrtceit
1495 1876 1585 1933 labore
1596 1877 1734 1946 continuo,
1747 1893 1781 1934 ex
1793 1878 1888 1935 libret
1902 1879 2142 1948 Retraetatiouum,

509 1989 569 2045 cap.
585 1975 627 2040 tii,
640 1989 690 2029 nec
705 1982 855 2044 porroaute
873 1973 1001 2030 anulatis
1021 1973 1136 2039 esitum;
1150 1988 1210 2028 cum
1225 1973 1252 2028 in
1267 1970 1337 2027 libro
1352 1970 1379 2038 t,
1392 1986 1453 2041 cap.
1465 1970 1511 2036 tt,
1527 1979 1638 2026 testetur
1649 1971 1719 2027 idola
1732 1982 1788 2027 tum
1798 1973 1925 2044 temporis
1936 1974 2023 2044 legum
2036 1974 2070 2029 ab
2090 1974 2145 2030 int·

511 2066 680 2137 peratoribus
690 2067 802 2120 latarum
812 2066 969 2121 auctoritate
983 2064 1125 2135 confringi.
1138 2065 1298 2135 Expressam
1309 2063 1381 2118 enim
1400 2064 1486 2134 tegern
1499 2063 1549 2118 bac
1564 2062 1598 2120 de
1610 2064 1748 2120 renutiam
1764 2066 1893 2122 babemus
1910 2066 1943 2121 iis
1965 2067 2141 2138 superiorem,

509 2176 570 2230 qum
585 2174 656 2213 antro
666 2159 717 2214 500
728 2159 911 2229 promulgatae,
927 2167 1006 2229 atquc
1020 2158 1182 2214 exsecutioni
1192 2157 1359 2214 demandatae
1369 2157 1395 2211 in
1409 2155 1497 2211 Atrica
1511 2155 1617 2211 tueruut
1627 2154 1681 2231 (De
1690 2156 1764 2213 000.
1778 2158 1845 2224 Dei,
1865 2160 1913 2215 lib.
1925 2159 1976 2226 l8,
1991 2173 2051 2229 cap.
2071 2160 2116 2229 50)
2135 2176 2143 2212 a

507 2251 606 2321 quibus
619 2250 735 2305 noodum
749 2249 912 2314 constitutis,
927 2248 1063 2304 evertendi
1073 2249 1230 2313 simulacra,
1246 2248 1297 2304 nisi
1308 2264 1340 2304 ex
1353 2262 1446 2303 eurum
1461 2261 1574 2317 ortorum
1584 2255 1679 2314 erant,
1695 2261 1846 2316 coriscusu,
1866 2249 1910 2320 jus
1922 2263 2005 2320 penes
2022 2264 2053 2304 se
2068 2247 2140 2303 baud

506 2357 639 2413 qumquam
650 2357 710 2398 esse
726 2341 1028 2412 tatebatur·Angusttnus
1041 2339 1138 2407 (Sum.
1154 2338 1208 2404 m,-
1219 2354 1278 2408 cap.
1292 2339 1322 2394 ll
1336 2381 1344 2407 ,
1364 2355 1392 2393 u.
1404 2335 1460 2410 tt).

542 2435 650 2492 tibrum
667 2436 780 2506 primum
795 2434 904 2489 insumit
916 2432 949 2488 iis
961 2431 1147 2498 revincendis,
1168 2432 1213 2503 qui
1227 2445 1288 2486 cum
1300 2430 1438 2486 Christum
1460 2428 1510 2484 riri
1531 2428 1609 2501 longe
1634 2429 1822 2501 sapientissimi
1845 2431 1905 2488 ioco
1921 2432 2071 2498 baberent,
2095 2443 2144 2487 aut

506 2528 607 2595 rerius,
616 2526 888 2592 boberesimularcnt,
898 2525 1042 2595 Evangelio
1058 2523 1137 2580 tidem
1151 2522 1324 2595 derogabaot;
1333 2537 1366 2579 eo
1377 2521 1481 2578 scilieet
1488 2531 1630 2593 pretextu,
1640 2522 1711 2593 qnod
1723 2539 1777 2579 non
1786 2524 1819 2580 ab
1830 2525 1888 2594 ipso
1899 2524 2005 2580 Christo
2014 2524 2142 2594 scriptum

509 2631 591 2687 esset,
607 2620 654 2676 sed
664 2620 698 2675 ab
707 2620 765 2690 ejus
779 2618 930 2689 discipulis,
941 2632 1008 2688 qtaos
1021 2618 1045 2672 ei
1059 2617 1223 2673 diuinitatem
1238 2614 1373 2671 attinuisse
1383 2615 1522 2681 dicebant,
1534 2629 1620 2685 oeque
1634 2613 1668 2668 ab
1683 2615 1727 2670 iilo
1733 2615 1873 2686 ‘accepisse
1891 2616 2038 2672 doctrinam
2061 2631 2141 2687 quam

506 2716 540 2773 de
554 2716 664 2770 deorum
678 2713 825 2768 abdicando
840 2713 911 2767 cnltu
925 2709 975 2783 ipsi
990 2710 1176 2781 premonuit.
1189 2708 1218 2764 tu
1233 2708 1302 2764 libro
1311 2708 1428 2763 secundo
1438 2707 1590 2762 ltattbaeum
1603 2706 1798 2778 Evangelistam
1819 2722 1903 2779 usqne
1923 2707 1958 2763 ad
1976 2723 2061 2765 coeam
2077 2724 2141 2763 nar·

513 2809 644 2864 ratiorteru
657 2821 690 2862 ex
704 2805 799 2860 ordine
811 2805 978 2871 considerat,
993 2818 1105 2874 mamque
1120 2818 1153 2874 eo
1162 2802 1265 2857 collatis
1276 2799 1374 2866 btarco,
1389 2800 1460 2855 Luca
1473 2810 1501 2856 et
1514 2799 1633 2867 ioanne,
1645 2800 1980 2872 domonstratperpetnam
2000 2802 2071 2858 inter
2095 2816 2144 2857 eos

507 2901 619 2970 reperiri
630 2898 845 2954 consensionem.
861 2897 942 2952 Liber
954 2896 1047 2952 tertius
1058 2904 1100 2951 est
1111 2894 1146 2950 de
1158 2893 1314 2951 eorumdem
1328 2901 1442 2963 quatuor
1453 2893 1709 2961 evangelistarum
1724 2905 1808 2948 create
1828 2891 1980 2947 narratione
1999 2892 2033 2946 ad
2056 2893 2143 2948 Erati-

512 2992 573 3062 gclii
587 2990 665 3044 barem
679 2989 832 3045 eoncordia.
843 2989 958 3054 Quartus
969 2986 1127 3057 deniquede
1137 2985 1169 3040 iis
1180 3000 1239 3056 quae
1251 2984 1394 3055 peculiaria
1403 2992 1468 3039 sunt
1480 2982 1586 3049 ltarco,
1601 2982 1680 3038 Lucae
1691 2981 1833 3038 etJoanni.
1853 2981 1925 3053 0pus
1942 2982 1970 3038 in
1985 2967 2143 3039 Corbeiensi

505 3084 669 3140 codiceaute
679 3083 732 3138 900
754 3083 795 3138 vel
809 3081 877 3137 tutto
900 3096 985 3138 annos
1001 3088 1109 3136 exarato
1126 3078 1288 3159 inscribitur,
1310 3078 1431 3133 «Aurelii
1452 3077 1592 3148 Augustini
1609 3076 1726 3155 episcopi
1745 3076 1781 3132 de
1802 3075 1949 3131 Concordia
1962 3076 2144 3147 Evangetista·

506 3193 567 3233 rum
582 3193 588 3230 :
607 3195 617 3230 a
632 3176 670 3230 sic
682 3184 709 3231 et
721 3175 747 3230 in
760 3175 820 3230 aliis
834 3173 969 3245 plerisque
982 3173 1043 3229 ttss.
1055 3172 1084 3228 tn
1095 3172 1127 3228 iis
1140 3171 1264 3227 omnibus
1274 3179 1363 3226 autem
1374 3170 1434 3225 iibri
1446 3169 1554 3241 quique,
1571 3169 1656 3240 prinao
1669 3177 1791 3240 excepto,
1807 3167 1960 3224 dividuntur
1971 3169 1998 3224 in
2010 3168 2140 3239 capitula,

505 3284 619 3340 ‹prorrtm
634 3268 758 3322 lemmata
773 3267 801 3321 in
814 3266 942 3322 librorum
953 3265 1039 3322 tronte
1055 3264 1162 3336 praelixa
1174 3271 1246 3319 sunt.

550 3361 628 3422 t'irte
643 3359 697 3422 tto.
714 3361 746 3430 2,
763 3379 832 3440 cap.
858 3355 914 3431 lo,
940 3359 1227 3429 Retractationum,
1256 3355 1316 3417 cot.
1338 3353 1398 3415 030
1421 3373 1466 3429 ,o
1486 3352 1598 3426 verbis,
1614 3355 1674 3415 Per
1689 3353 1819 3417 eosdem
1840 3369 1957 3426 annos,
1979 3371 2075 3434 eoque
2105 3352 2146 3415 od

506 3441 566 3502 eoi.
583 3440 653 3513 eat,
671 3439 791 3514 verbis,
806 3440 938 3501 Divinas
954 3440 1174 3526 auctoritates.
1296 3434 1341 3495 at.

512 3636 514 3640 ’
643 3731 694 3780 »
773 3661 854 3807 s.
969 3548 1309 3805 00000
1343 3544 1958 3803 aecusator

1004 3871 1385 3957 HIPPONENSIS
1401 3870 1667 3958 EPISCOPI

1087 4010 1186 4142 ne
1222 4003 1554 4152 conseant

785 4254 1881 4432 EVANGELISTARUM

920 4499 1173 4613 amnt
1214 4485 1722 4646 quaenunt).
1821 4646 1826 4654 ‚

1027 4670 1649 4720 ——Qoa--q

962 4903 964 4908 g
1027 4781 1271 4888 LIBER
1309 4781 1640 4890 PRIMUS.

539 4978 608 5023 meto
617 4970 727 5021 breviter
737 4968 770 5019 de
780 4966 987 5032 evangelistarum
995 4967 1150 5038 ¹anctoritate²
1162 4977 1274 5025 numero
1289 4963 1376 5014 ordine
1397 4977 1426 5015 ae
1446 4967 1512 5016 turia
1522 4967 1644 5026 scribendi
1662 4970 1766 5031 mtlone,
1787 4970 1943 5032 tuguminus,
1965 4981 2104 5033 mausquam
2114 4972 2147 5024 dc

510 5033 653 5083 eorundem
663 5043 783 5103 consensu
794 5036 859 5093 agat,
872 5027 976 5101 illislboc
984 5026 1047 5077 labro
1057 5033 1166 5077 occurrat
1173 5027 1215 5090 qui
1234 5026 1273 5076 rel
1285 5032 1414 5099 uterentur
1424 5039 1468 5076 cur
1477 5028 1585 5078 cbristus
1603 5029 1656 5091 ipse
1666 5027 1726 5079 ndnil
1748 5031 1882 5094 scripserit,
1894 5027 1934 5079 rel
1944 5028 2038 5095 tlngrrnt
2048 5032 2151 5105 scaptos

510 5095 541 5145 ab
554 5096 605 5157 ipso
622 5093 698 5143 tuisse
710 5092 784 5142 birros
793 5091 826 5141 de
844 5090 956 5154 rmgierm
966 5089 1057 5153 quique
1068 5088 1186 5161 adversm
1197 5085 1364 5152 evangelicam
1373 5087 1506 5138 doctrinam
1514 5090 1626 5153 laetlmm
1637 5089 1724 5141 cltrtstl
1732 5091 1791 5143 disci
1825 5089 1863 5142 los
1872 5103 1922 5141 non
1933 5099 2025 5143 tanturn
2036 5101 2151 5157 nugrstro

510 5156 669 5240 suoamplius
680 5155 917 5240 tribuissequanrre
928 5163 988 5202 uera
999 5158 1065 5212 erat,
1076 5148 1364 5259 dicendoittumlltetm
1375 5149 1419 5200 sed
1431 5150 1619 5202 edandeorurn
1636 5150 1728 5224 etattnrn
1756 5194 1762 5226 3
1808 5154 1813 5165 '
1849 5152 1906 5213 ndo,
1918 5167 1967 5204 non
1982 5154 2150 5205 bocdoeuisso

510 5211 1567 5349 ,immarcescentem
1577 5211 2151 5352 malmundarienses

510 5339 957 5464 :fflffiffiauiofflriffiffitlt'garm
967 5343 1042 5402 atque
1053 5335 1117 5401 apud
1133 5347 1220 5387 omnes
1233 5341 1377 5400 geremus
1387 5348 1434 5400 per
1451 5349 1511 5388 suos
1521 5336 1652 5402 mopbmas
1660 5333 1768 5389 turnum
1777 5346 1929 5402 protument,
1939 5338 2002 5392 idota
2012 5346 2151 5392 0000οιιο00

558 5504 672 5562 000οΤ
691 5505 833 5563 Pillittill.
846 5536 884 5548 -
898 5503 1093 5579 Eemgctiorutu
1105 5504 1253 5560 auctoritas.
1359 5501 1468 5559 Litteris
1496 5492 1679 5574 eontinentur,
1712 5505 1884 5580 Euangetium
1916 5507 2010 5563 merito
2035 5505 2151 5562 excellit.

549 5596 661 5654 l.tuter
678 5611 773 5654 omnes
791 5595 894 5653 dininas
912 5595 1104 5685 auctoritates,
1122 5611 1182 5666 quae
1204 5594 1304 5652 sanctis
1358 5593 1436 5664 Qud
1458 5597 1529 5653 enirn
1551 5597 1605 5654 ber
1629 5608 1658 5654 et
1678 5597 1818 5670 Propbetn
1842 5598 1959 5656 tutamur
1990 5598 2152 5667 prenuntia·

1097 5721 1237 5763 annonario
1255 5722 1297 5762 rr.
1317 5721 1555 5765 neaentcrnmtott.

544 5806 579 5872 lte
590 5807 713 5852 corum
730 5798 935 5875 mangelintartm
953 5797 1010 5871 libri
1104 5860 1108 5871 ¹
1137 5799 1257 5862 recogniti
1266 5804 1324 5873 mut
1333 5797 1367 5850 de
1378 5812 1442 5850 noro
1452 5799 1483 5850 ad
1494 5800 1592 5852 culices
1606 5806 1661 5852 ιιι.
1674 5803 1793 5851 tanoenae
1801 5800 1955 5850 bibliothece
1969 5806 2088 5871 queror,
2100 5799 2151 5850 col

513 5861 618 5914 terrina
628 5863 697 5923 dnos,
711 5869 837 5914 beccenses
848 5859 982 5912 etelstercr
1066 5860 1184 5932 totidem,
1196 5859 1307 5910 menae
1323 5861 1489 5914 umunensis
1506 5875 1597 5922 00000,
1615 5862 1675 5913 ltent
1689 5869 1711 5911 s.
1724 5861 1852 5912 conarere
1869 5861 2022 5919 Paridem,
2036 5863 2153 5915 baratrirt

513 5923 629 5988 tolbegi,
643 5931 713 5999 een.
728 5923 762 5974 de
778 5929 801 5972 s.
812 5930 906 5985 oeorge
924 5933 1010 5972 canon.
1021 5929 1115 5972 0000ιο
1130 5920 1297 5986 tngdtrnensls
1314 5933 1405 5997 unam,
1425 5922 1457 5973 ad
1474 5925 1646 5996 corbeiensen
1664 5923 1754 5986 optima
1768 5935 1841 5972 rnanu
1859 5929 1885 5972 et
1905 5929 1963 5973 ante
1977 5920 2025 5973 000
2036 5930 2078 5974 aut
2094 5924 2154 5975 lbdtl

514 5980 1369 6112 atammttmmllmmamfm
1369 5983 2153 6117 amntemneamreaamtaammaa

515 6102 1215 6172 negteemranlenatunrbeologurnnoperaoelteetas:
1228 6104 2062 6170 pascetqueadanaqmoresomuoneseaaseunatmettor.

556 6189 812 6271 comparavisset
820 6195 972 6272 pretereo
987 6197 1037 6249 eor
1051 6203 1153 6250 ontnrr
1167 6185 1319 6251 editiones
1333 6185 1525 6250 inatioltetr.
1537 6189 1731 6264 otContess.,
1744 6197 1767 6250 t.
1779 6188 1807 6258 t.
1823 6199 2016 6252 memoratos.
2058 6193 2101 6254 tt.

548 6289 1038 6354 <elimelec-wadnam.
