5709 7534
517 829 565 890 stt

516 941 652 1014 rapienda
667 942 728 996 luce
743 938 825 995 solem
839 937 936 1001 istum,
962 935 1008 1005 qui
1029 933 1144 1003 pertinet
1162 930 1195 986 ad
1210 929 1301 986 oculos

1178 814 1280 872 tibuit
1297 812 1482 872 SECUNDUS.

2090 819 2143 881 att

1354 938 1456 996 partem
1468 927 1494 983 in
1507 927 1582 984 nobis
1595 928 1726 999 pertinere
1735 929 1769 986 arl
1782 940 1917 987 auctorem
1926 931 2018 998 ileum
2029 935 2140 992 ctalram

516 1032 646 1106 eorporis,
661 1032 775 1086 adorare
788 1027 968 1099 compellanti
981 1027 1013 1081 Et
1023 1038 1115 1081 omnes
1128 1021 1234 1093 quidem
1249 1021 1304 1074 lne-
1354 1019 1387 1073 ad
1396 1029 1502 1090 gentem
1516 1020 1693 1086 tenebrarum,
1705 1023 1772 1077 sicut
1783 1024 1826 1079 isti
1833 1024 1940 1089 dicunt;
1954 1024 2000 1080 sed
2015 1026 2137 1095 potiuset

516 1123 589 1182 redet
603 1122 767 1194 generaliter
783 1119 904 1175 scientie
915 1115 1105 1183 pollicitatione
1117 1112 1262 1182 decipiunt,
1277 1118 1304 1164 et

516 1209 774 1282 reprehendentem
787 1222 854 1278 qrros
870 1206 1025 1275 simpliciter
1044 1202 1182 1259 eredentes
1194 1201 1304 1255 innene-

516 1303 582 1367 rint;
596 1310 625 1358 et
643 1301 707 1372 quia
720 1300 830 1357 omnino
848 1296 965 1353 carnalia
984 1293 1160 1365 persuadent,
1182 1289 1256 1360 quasi
1271 1286 1304 1343 ad

515 1392 663 1452 ramalium
673 1392 816 1448 oculorum
837 1389 1002 1459 apertionem
1015 1394 1145 1441 conamur
1161 1381 1303 1448 adducere,

516 1491 544 1540 ιι
554 1481 668 1538 laterior
681 1481 776 1536 oculus
789 1487 946 1535 cremetur.

548 1570 665 1628 CAPUT
685 1568 781 1626 xxvi.
792 1598 828 1609 -
838 1568 948 1638 serpent
960 1567 1089 1621 toreuma
1103 1563 1269 1619 lienteriam.

548 1660 602 1718 Sed
616 1661 676 1716 istis
689 1660 771 1717 etiam
785 1673 897 1729 corpora
910 1671 957 1712 sua
969 1656 1119 1725 displicent,
1132 1669 1185 1708 non
1199 1657 1306 1723 propter

516 1748 648 1824 poenalem
661 1748 865 1812 mortalitatem,
886 1761 966 1816 quant
988 1742 1122 1814 peccando
1145 1741 1304 1805 meruimus;

516 1839 562 1896 sed
584 1839 621 1895 ita
635 1847 665 1894 ut
687 1845 786 1908 negent
803 1838 887 1892 bearn
902 1850 961 1891 esse
976 1849 1116 1905 corporum
1129 1832 1303 1897 conditorem,

517 1942 641 2003 unquam
654 1919 754 2001 apertis
767 1929 851 1984 oculis
864 1928 969 1983 carneis
981 1926 1086 1982 nuditas
1097 1926 1146 1980 ista
1157 1924 1304 1994 displiceat.

550 2021 596 2078 39.
616 2019 670 2077 Sed
683 2020 750 2075 nibil
762 2018 945 2074 relrrmcntius
960 2017 1023 2084 istos¹
1037 2016 1158 2087 designat
1172 2023 1199 2069 ct
1221 2021 1305 2080 notat,

516 2127 594 2182 quarn
608 2109 680 2182 quod
690 2109 755 2165 dicit
764 2122 874 2179 serpens
890 2126 897 2162 ε
912 2106 973 2162 Non
984 2116 1062 2161 morte
1072 2106 1211 2161 moriemini
1224 2121 1234 2159 .·
1245 2105 1307 2159 acie·

516 2200 843 2268 botenirtt:1lerraorroniant
852 2215 901 2267 orto
911 2198 952 2252 die
964 2196 1073 2262 ederitis,
1089 2197 1232 2266 operientur
1241 2194 1307 2248 oculi

516 2291 600 2348 aratri.
612 2290 660 2347 Sic
671 2288 743 2347 enim
754 2288 923 2353 isticreduot,
932 2286 1001 2357 quod
1012 2286 1171 2356 serpensille
1183 2283 1307 2340 Clrristus

518 2383 607 2450 luerit,
620 2389 649 2438 et
658 2382 738 2438 deurn
752 2382 842 2437 nescio
856 2396 934 2450 quem
942 2380 1029 2450 gentis
1042 2379 1222 2444 tenebrarum,
1231 2377 1307 2432 sicuti

516 2471 661 2537 alllrnrant,
685 2471 749 2526 illud
768 2479 927 2542 praeceptum
947 2468 1053 2524 dedisse
1066 2467 1232 2537 confingunt,
1248 2476 1308 2521 tan-

517 2559 743 2633 quam'inrideret
764 2560 914 2616 bominibus
925 2558 1062 2614 seientiam
1074 2558 1134 2612 boni
1150 2566 1177 2613 et
1187 2558 1258 2613 mali.
1270 2557 1308 2611 b'x

517 2655 565 2711 lata
573 2655 701 2725 opinione
711 2654 790 2709 ctiam
800 2652 891 2708 nescio
901 2666 968 2723 quos
979 2651 1145 2721 serpentinos
1159 2661 1235 2706 natos
1248 2665 1309 2706 esse

517 2745 643 2812 arbitror,
658 2739 1308 2814 ouiserpentemproChristoeolcredicnutur(a),

519 2854 566 2894 nee
579 2838 720 2894 attendunt
731 2837 885 2908 Apostolum
898 2835 942 2907 qrri
953 2835 1008 2890 ait:
1025 2834 1111 2890 lietuo
1123 2853 1155 2891 ar
1172 2836 1236 2889 aicrrt
1255 2852 1309 2889 aer·

519 2925 671 2999 pertram
681 2925 782 2981 sedauit
793 2926 886 2979 astutio
898 2941 954 2990 nro,
969 2925 1005 2979 ar'c
1023 2934 1048 2979 ct
1061 2940 1148 2980 sensus
1168 2925 1242 2978 vestri
1258 2941 1311 2979 cor·

519 3016 712 3088 rampantrrill
722 3016 782 3072 Cor.
793 3031 832 3081 xt,
846 3017 885 3089 ὅ).
896 3016 949 3071 llos
962 3032 1025 3086 ergo
1043 3031 1091 3086 per
1105 3017 1180 3070 istam
1195 3015 1309 3086 propbe-

519 3111 582 3165 tiam
595 3109 779 3181 praelgrrrltos
788 3123 847 3164 esse
860 3109 992 3164 existimo.
1003 3106 1237 3164 Scdrrciturautear
1251 3124 1311 3163 rer·

519 3200 559 3258 bis
573 3200 653 3272 bajus
665 3201 797 3271 serpentis
811 3200 925 3256 earnalis
938 3209 1027 3255 nostra
1046 3201 1269 3270 eoncupiscentia,
1283 3208 1311 3256 et

521 3292 646 3363 perillam
660 3291 792 3361 decipitur
803 3291 898 3358 Adam,
913 3306 966 3345 non
980 3289 1110 3357 Christus,
1126 3290 1310 3345 scrlClrristia·

520 3399 590 3440 nus:
605 3383 650 3454 qrri
663 3383 685 3438 si
698 3391 857 3453 preceptum
870 3382 915 3437 [tet
934 3397 1042 3436 serrare
1063 3381 1153 3447 vellet,
1171 3390 1199 3436 ct
1212 3397 1243 3437 er
1260 3381 1311 3437 ilde

521 3480 725 3542 perseveranter
736 3471 846 3538 vireret,
858 3470 942 3526 donee
953 3470 1064 3525 idoneus
1075 3470 1150 3525 lieret
1161 3471 1311 3540 intelligen-

520 3561 704 3626 timreritatis,
718 3560 744 3616 id
755 3569 805 3624 est,
812 3560 835 3615 si
853 3570 1009 3630 operaretur
1028 3560 1053 3613 irr
1068 3560 1199 3629 paradiso,
1210 3570 1237 3614 et
1263 3575 1310 3615 eu-

520 3653 709 3726 storliretrprod
723 3653 837 3723 accepim
852 3668 904 3706 non
920 3652 1022 3707 reniret
1031 3652 1056 3706 in
1072 3651 1142 3706 illarn
1158 3651 1311 3707 deionnita-

521 3754 586 3812 tem,
601 3754 631 3798 ut
640 3759 701 3800 cum
712 3743 762 3799 sibi
771 3743 892 3812 displicet
901 3756 963 3797 caro
972 3741 1048 3811 quasi
1059 3740 1163 3795 nuditas
1183 3756 1240 3806 sua,
1252 3756 1313 3796 ear-

521 3837 589 3890 nalia
605 3834 691 3905 magis
714 3842 865 3904 tegumenta
886 3832 1093 3894 mendaciorum,
1109 3841 1232 3902 tanquam
1251 3830 1312 3887 lolia

522 3923 563 3982 dci
576 3924 724 3996 colligeret,
742 3924 839 3994 quibus
852 3922 903 3978 sibi
917 3922 1016 3977 laceret
1027 3922 1239 3978 succinctorium.
1256 3922 1313 3977 lloc

520 4017 592 4075 enim
603 4017 646 4072 isti
660 4016 838 4082 [atlanteum
850 4014 994 4070 derristo
1008 4015 1181 4078 mentiuntur,
1190 4023 1217 4070 et
1227 4014 1311 4083 ipsum

521 4107 661 4165 mentitum
676 4121 737 4162 esse
749 4104 908 4177 pradicant;
924 4114 950 4161 et
968 4114 1091 4176 tanquam
1106 4105 1312 4162 abscondentes

521 4215 538 4256 a
554 4197 624 4256 lacie
646 4199 703 4264 liei,
727 4197 760 4253 ad
775 4212 823 4252 sua
836 4195 974 4252 mendacia
987 4196 1022 4251 ab
1033 4195 1104 4251 illius
1126 4197 1237 4252 ueritate
1249 4213 1314 4253 con·

522 4291 604 4358 rarsi,
618 4291 687 4347 sicut
701 4287 845 4361 Apostolus
855 4287 918 4343 dicit
934 4306 940 4341 :
954 4286 1014 4342 Eto
1028 4288 1130 4343 ucritmc
1142 4289 1242 4359 quidem
1263 4305 1312 4343 ou·

522 4383 602 4438 ditem
627 4398 702 4437 ruam
727 4388 847 4448 avertem,
872 4378 906 4433 od
920 4377 1021 4450 {obulos
1043 4389 1126 4434 uatem
1141 4390 1314 4435 conculcatur

523 4459 789 4547 fflmQQ'

556 4561 601 4618 lb.
621 4561 657 4617 Et
666 4560 713 4616 ille
724 4560 830 4631 quidem
853 4574 976 4630 serpens,
991 4559 1016 4615 id
1029 4568 1069 4615 est
1081 4560 1125 4617 ille
1135 4575 1210 4616 error
1224 4561 1312 4616 baere-

522 4652 645 4719 ticorum,
655 4650 701 4722 qui
716 4650 965 4716 tentatEcelesiam,
980 4659 1072 4705 contra
1086 4665 1164 4721 quera
1177 4650 1311 4704 incantat¹

523 4743 679 4816 Apostolus,
706 4757 767 4797 eum
794 4740 867 4808 dicit,
889 4741 975 4796 liettto
989 4758 1021 4795 nc
1037 4742 1102 4796 sicut
1119 4757 1222 4812 serpena
1234 4742 1313 4795 Eoum

522 4833 792 4898 tedraitustrrtiaarru,
813 4833 850 4889 tis
865 4841 889 4888 rt
902 4848 989 4888 senaar
1007 4831 1082 4886 matri
1103 4840 1313 4900 comurnprntrrr,·

524 4927 568 4983 ille
582 4940 648 5000 erpo
661 4939 739 4981 error
763 4934 870 4996 pectore
891 4934 916 4979 et
930 4933 1022 4979 ventre
1045 4924 1145 4991 serpit,
1165 4931 1192 4979 et
1214 4933 1312 4977 terram

525 5016 676 5072 manducat.
689 5013 748 5070 Non
764 5015 835 5070 enirn
849 5014 956 5084 decipit,
979 5014 1029 5069 nisi
1044 5024 1090 5069 ant
1100 5014 1244 5083 srrpertros,
1267 5013 1312 5085 qui

522 5105 572 5162 sibi
598 5113 755 5175 arrogantes
775 5103 846 5176 quod
870 5120 922 5160 non
948 5114 1020 5172 sunt,
1034 5105 1088 5159 cito
1111 5103 1222 5160 credant
1242 5104 1313 5173 qrrod

523 5196 619 5254 sarmati
633 5195 681 5252 Dei
701 5203 729 5252 et
741 5194 837 5250 animae
851 5193 973 5249 humanm
990 5208 1041 5249 una
1055 5193 1202 5264 cadentque
1220 5206 1312 5248 rratrrra

523 5283 1113 5355 sit;autdesideriiscamalibusimplicatos,
1136 5284 1179 5355 qui
1202 5286 1309 5341 libenter

523 5379 631 5435 aurliunt
640 5377 710 5451 quod
721 5377 848 5449 quidquid
857 5377 954 5434 lascire
963 5376 1131 5444 iaciunt,non
1142 5379 1190 5449 ipsi
1203 5377 1311 5448 iaciunt,

524 5469 569 5526 sed
582 5485 649 5542 pena
662 5468 850 5530 tenebrarum:
870 5478 915 5524 aut
938 5469 1069 5536 curiosos,
1094 5472 1138 5540 qui
1154 5478 1258 5525 terrena
1272 5486 1315 5527 sa·
1362 5523 1366 5537 ,

1353 5568 1364 5618 i·
1401 5573 1446 5628 li.
1462 5570 1531 5640 Quid
1546 5569 1644 5625 babent
1668 5583 1731 5638 erpo
1744 5568 1797 5631 isti,
1810 5565 1879 5635 quod
1892 5565 1917 5618 io
1939 5563 1981 5617 lris
1995 5561 2088 5616 litteris
2102 5557 2153 5612 i'e·

525 5560 609 5631 piurrt,
621 5568 648 5617 et
660 5561 807 5631 spiritualia
820 5569 926 5616 terreno
939 5561 1016 5617 ocato
1024 5561 1168 5632 inquirunt.
1179 5563 1315 5619 Emittan-

525 5643 577 5708 teta
590 5650 736 5708 inimicitiae
745 5650 815 5706 inter
825 5650 903 5706 istum
912 5661 939 5707 ct
948 5652 1096 5715 mulierem,
1108 5652 1209 5708 etinter
1222 5669 1313 5710 semen

525 5740 592 5812 ejus,
616 5750 644 5799 et
656 5757 749 5798 senten
764 5740 893 5806 mulieris,
906 5740 929 5796 si
943 5742 1027 5812 pariat
1044 5744 1093 5798 ista
1113 5743 1181 5799 tilios
1195 5745 1315 5814 urranwis

525 5843 584 5888 turn
599 5831 781 5897 doloribus,et
794 5843 823 5885 se
834 5829 959 5885 advirum
974 5845 1050 5886 surrrn
1064 5842 1209 5898 convertat,
1219 5842 1248 5888 ut
1257 5833 1314 5905 ejas

526 5919 583 5993 lpse
592 5921 756 5978 dominetur.
770 5919 846 5976 'lunc
858 5920 929 5977 enirn
943 5929 1029 5991 potest
1042 5924 1164 5979 courrosci
1176 5939 1227 5980 non
1236 5925 1314 5981 aliam

555 6121 652 6181 ¹rrliti,
668 6120 779 6186 clarat,
795 6134 837 6186 pro
848 6135 897 6187 que
909 6135 939 6174 err
955 6129 1009 6174 tias
1025 6126 1185 6176 restituimus
1199 6123 1305 6178 mermtat

553 6203 590 6272 (⁴1
599 6203 703 6268 otm-

1356 1109 1420 1165 illud
1431 1109 1500 1178 quod
1514 1110 1621 1180 regendi
1634 1110 1874 1182 babetpotcstatem
1890 1116 1916 1169 ln
1930 1115 2048 1184 bomine,
2062 1126 2091 1174 et
2105 1118 2139 1173 il·

1356 1199 1400 1254 lud
1412 1200 1522 1255 iniurius
1535 1203 1604 1271 quod
1614 1202 1758 1272 regendum
1771 1213 1819 1269 est,
1834 1221 1869 1260 ex
1881 1206 1935 1261 beo
1946 1222 2016 1274 esse,
2028 1208 2142 1264 sicutdl·

1356 1291 1394 1346 cit
1405 1292 1547 1362 apostotos
1564 1311 1571 1347 z
1589 1292 1633 1346 Vir
1643 1294 1743 1364 quidem
1754 1311 1803 1350 non
1813 1296 1882 1351 delet
1893 1297 1975 1353 ociore
1984 1310 2069 1371 enprt,
2084 1317 2142 1356 ram

1356 1384 1388 1436 ait
1411 1383 1495 1453 irnopo
1509 1393 1532 1438 et
1543 1384 1624 1454 pierio
1645 1382 1710 1450 cst;
1731 1385 1822 1440 mulier
1833 1396 1915 1441 autem
1927 1389 2008 1458 pierio
2021 1392 2067 1444 oiri
2093 1401 2140 1446 eat.

1357 1470 1417 1526 Noa
1430 1473 1495 1526 enim
1505 1473 1584 1527 eirea
1607 1472 1721 1538 muliere,
1748 1474 1791 1529 aed
1804 1476 1895 1529 melier
1924 1491 1954 1530 ea
1971 1479 2024 1532 uiro
2034 1493 2044 1531 .·
2053 1480 2142 1532 etenim

1357 1580 1406 1619 rron
1425 1573 1523 1618 creatus
1535 1574 1570 1618 eat
1585 1564 1622 1618 oir
1634 1573 1734 1635 propter
1750 1565 1887 1631 rnulierenr,
1910 1568 1954 1620 sed
1976 1566 2065 1621 mulier
2079 1586 2145 1638 pro-r

1357 1663 1413 1723 pter
1424 1654 1520 1719 cirum:
1542 1662 1673 1725 propterea
1688 1655 1758 1709 debet
1772 1654 1861 1709 babere
1873 1655 1984 1710 ocicmen
1997 1657 2085 1712 urulier
2095 1674 2142 1711 stt·
2233 1723 2241 1732 .

1358 1761 1402 1815 per
1414 1755 1501 1816 caput,
1515 1754 1617 1815 propter
1630 1743 1749 1815 Ampelos.
1769 1744 1941 1799 Verurrttumen
1962 1762 2042 1818 arone
2052 1747 2142 1800 nruiier

1357 1837 1410 1891 tine
1428 1837 1490 1900 uiro,
1510 1836 1637 1908 aeque-uir
1647 1837 1701 1890 aine
1711 1836 1846 1890 mulierein
1856 1835 1964 1891 Domino
1977 1838 2061 1891 :sicut
2074 1838 2144 1892 enim

1357 1927 1447 1982 mulier
1458 1944 1490 1981 ea
1502 1928 1565 1994 uiro,
1579 1929 1645 1982 itaet
1659 1929 1696 2001 uir
1706 1929 1885 1999 percellerent
1892 1944 1903 1994 ,·
1916 1930 2001 1984 omnia
2010 1939 2093 1984 antem
2113 1947 2145 1986 ea

1358 2016 1412 2071 Dro
1432 2018 1455 2085 (l
1468 2017 1526 2072 Cor.
1541 2032 1578 2083 rr,
1592 2016 1678 2089 tlt).

1393 2106 1505 2162 CAPUT
1516 2105 1621 2161 lilll'll.
1635 2136 1671 2147 —
1682 2106 1744 2162 are
1753 2107 1839 2178 luparia
1848 2118 1872 2162 ct
1881 2124 1954 2178 poeno
1966 2110 2108 2181 alleporim.

1393 2198 1438 2253 tl.
1452 2198 1626 2267 Laborctjam
1636 2198 1719 2252 Adam
1737 2197 1763 2252 ia
1776 2213 1840 2269 agro
1852 2213 1909 2263 sao,
1925 2207 1952 2254 et
1969 2199 2039 2270 quod
2056 2200 2145 2269 spinas

1359 2299 1386 2344 ct
1415 2290 1525 2344 tribulos
1548 2289 1574 2344 ci
1599 2289 1667 2359 parit
1696 2298 1786 2356 terra,
1809 2290 1938 2360 intelligat
1956 2297 2019 2344 'non
2044 2301 2145 2345 naturae

1359 2393 1430 2446 esse,
1441 2379 1488 2434 sed
1501 2394 1586 2449 prenae
1595 2395 1602 2445 ;
1612 2387 1639 2434 et
1653 2378 1703 2433 boc
1717 2394 1768 2432 rron
1784 2379 1925 2434 nesciocui
1935 2380 2007 2449 genti
2022 2381 2145 2435 tenebra·

1359 2487 1429 2535 rum,
1442 2470 1488 2526 sed
1498 2471 1588 2525 divino
1604 2468 1705 2540 judicio
1716 2469 1812 2525 tribuat
1826 2486 1833 2525 :
1845 2469 1905 2539 quia
1920 2470 2091 2524 moderamen
2103 2469 2147 2539 jn·

1360 2562 1439 2615 stiriae
1449 2569 1491 2616 est
1501 2576 1548 2615 sna
1560 2560 1656 2630 cuique
1667 2560 1791 2615 tribucre.
1807 2560 1866 2630 lpse
1876 2559 1923 2615 det
1938 2561 2041 2615 mulieri
2055 2574 2145 2616 escam

1361 2652 1509 2717 eoelestem,
1521 2666 1601 2723 quant
1622 2652 1723 2721 accepit
1736 2667 1751 2706 a
1764 2652 1850 2722 eapite
1876 2665 1935 2719 stro,
1948 2652 1992 2721 qui
2016 2659 2059 2707 est
2069 2651 2147 2707 Cbri·

1361 2753 1418 2798 stus
1433 2760 1504 2799 :non
1517 2745 1551 2799 ab
1565 2743 1611 2798 illa
1621 2743 1731 2814 accipiat
1739 2744 1846 2797 vetitum
1859 2742 1957 2809 cibum,
1971 2742 2047 2797 idest
2060 2745 2146 2798 lraere·

1362 2836 1475 2890 ticenum
1487 2834 1615 2889 fallaciam
1630 2848 1691 2889 cunr
1711 2849 1804 2905 magna
1817 2834 2005 2904 pollicitatione
2015 2834 2143 2900 scientie,

1362 2938 1388 2985 et
1404 2930 1480 3000 quasi
1498 2937 1660 2984 secretorum
1671 2927 1880 2998 adapertionem,
1896 2942 1948 2997 quo
1963 2926 2010 2982 lrat
2021 2927 2054 2981 ad
2076 2927 2148 2983 deci·

1362 3021 1488 3091 piendum
1515 3035 1590 3076 error
1603 3020 1661 3089 ipse
1682 3019 1821 3075 conditior.
1837 3018 2026 3074 llmreticorum
2049 3019 2147 3089 quippe

1362 3111 1475 3180 superba
1493 3118 1520 3166 et
1544 3111 1648 3164 curiosa
1667 3108 1796 3176 cupiditas
1810 3107 1837 3162 in
1859 3107 1926 3162 libro
1946 3106 2147 3162 Proverbiorum

1363 3201 1459 3257 clamat
1470 3201 1519 3257 sub
1529 3199 1648 3255 mulieris
1662 3199 1785 3268 ierurgiae,
1802 3205 1828 3252 et
1848 3197 1921 3262 dicit,
1937 3195 1986 3261 Qui
2000 3197 2090 3251 rtultua
2099 3204 2147 3261 est,

1363 3294 1513 3348 dir-ertatori
1534 3308 1591 3346 nro:
1603 3301 1629 3346 ct
1645 3291 1738 3359 inopes
1759 3305 1838 3345 sensu
1851 3288 2022 3355 exhortatur,
2046 3286 2147 3351 dicens,

1364 3384 1450 3440 Panes
1463 3385 1573 3439 oca-attor
1586 3383 1651 3437 edite
1659 3382 1772 3445 liberter,
1781 3390 1804 3435 ct
1816 3396 1906 3451 uotum
1919 3380 2017 3435 dulcem
2031 3380 2149 3451 [urticam

1363 3474 1438 3528 bibite
1452 3472 1543 3546 (Proo.
1558 3490 1595 3537 rx,
1610 3474 1651 3538 te,
1673 3474 1729 3543 li).
1744 3471 1778 3526 Et
1791 3486 1900 3526 necesse
1917 3478 2069 3536 esttamen,
2088 3483 2149 3525 curn

1364 3576 1392 3621 et
1406 3566 1450 3620 illa
1464 3566 1574 3635 quisque
1596 3563 1747 3629 crediderit,
1764 3563 1928 3635 praecedente
1949 3561 2058 3617 libidine
2076 3576 2151 3615 men·

1365 3655 1456 3722 tiendi,
1468 3655 1663 3727 quaClrristum
1683 3656 1822 3709 mentitum
1843 3668 1902 3709 esse
1923 3652 2017 3718 credit,
2040 3652 2152 3721 accipiat

1365 3750 1445 3805 etiam
1459 3749 1573 3803 tunicam
1589 3747 1725 3818 pelliceam
1745 3746 1834 3801 divino
1849 3745 1958 3816 judicio.
1974 3745 2033 3813 Quo
2046 3744 2152 3800 nomine

1365 3841 1430 3895 milri
1439 3840 1542 3896 ridetur
1556 3841 1582 3895 in
1593 3839 1728 3910 propbetia
1740 3838 1879 3909 significari
1887 3837 2065 3907 noricorporis
2078 3852 2150 3891 rnor-

1366 3934 1463 3998 talitas,
1476 3948 1534 4003 urite
1545 3931 1708 4003 siprriileatur
1728 3932 1754 3986 in
1766 3930 1886 3996 lristoria,
1902 3930 1935 3985 de
1957 3945 2008 4000 qua
2025 3929 2079 3998 jam
2095 3937 2150 3983 tra·

1366 4030 1464 4077 etatum
1479 4031 1535 4088 cst;
1551 4021 1597 4076 sed
1611 4021 1645 4076 de
1656 4020 1806 4075 carnalibus
1816 4020 1937 4074 sensibus
1949 4028 2060 4073 attracta
2073 4018 2152 4088 plran
2233 4079 2236 4084 ,

1367 4123 1487 4179 lesinam,
1501 4129 1559 4184 qrrm
1574 4111 1715 4167 carnaliter
1727 4111 1897 4166 mentientem
1917 4110 2006 4164 (lirina
2019 4109 2076 4179 lege
2087 4123 2152 4163 con·

1365 4210 1702 4275 reornantureteoatepunt
1717 4220 1724 4254 ε
1740 4209 1819 4271 atoue
1833 4201 1867 4255 ita
1883 4198 1916 4254 de
1926 4198 2058 4276 paradiso,
2072 4197 2097 4252 id
2112 4206 2153 4253 est
2200 4258 2206 4270 ‚

1365 4294 1399 4350 dc
1412 4293 1542 4349 catholica
1557 4293 1609 4350 irde
1621 4301 1649 4348 ct
1672 4293 1793 4359 renum,
1815 4290 1965 4355 dimittitur,
1988 4289 2153 4345 habitaturus

1365 4399 1457 4443 contra
1478 4387 1639 4459 paradisum,
1656 4384 1736 4441 idest
1757 4384 1842 4440 eidem
1860 4383 1919 4439 srdei
1931 4381 2150 4438 corrtradictrrrrrs.

1365 4478 1414 4547 Qui
1425 4479 1447 4533 si
1460 4476 1637 4548 aliquandose
1645 4475 1766 4531 adllcurn
1779 4474 1939 4530 converterit
1947 4489 1993 4543 per
2003 4471 2152 4527 llarnrneam

1364 4569 1503 4634 frameam,
1520 4568 1595 4623 idest
1606 4565 1817 4638 pertemporales
1830 4564 2022 4628 tribulationes,
2037 4578 2082 4617 sua
2095 4577 2153 4632 pec·

1365 4670 1423 4717 cata
1435 4657 1619 4732 cognoscendo
1633 4665 1660 4712 ct
1672 4655 1812 4726 gemendo,
1832 4662 1860 4709 ut
1874 4656 1988 4723 nonjarn
1999 4662 2152 4707 extraneam

1366 4760 1497 4814 naturam,
1510 4746 1655 4817 orra0aulla
1681 4752 1732 4809 cst,
1748 4744 1795 4797 sed
1809 4743 1924 4812 scipsum
1950 4740 2108 4805 accusando,
2124 4750 2153 4794 ut

1366 4842 1422 4909 ipse
1436 4838 1539 4894 reniam
1549 4844 1683 4891 mereatur
1694 4836 1702 4865 ¹
1713 4843 1755 4903 ;ct
1767 4848 1812 4902 por
1823 4831 2012 4900 plenitudinem
2023 4829 2151 4894 scientim,

1366 4943 1425 4999 quac
1440 4937 1483 4983 est
1498 4927 1623 4991 ebaritas,
1648 4922 1782 4994 diligendo
1798 4922 1892 4987 llerrnr,
1906 4922 1949 4990 qui
1963 4935 2042 4992 supra
2064 4919 2152 4974 omnia

1366 5028 1409 5075 cst
1421 5016 1655 5082 iucommutabilis,
1668 5024 1696 5070 et
1710 5012 1843 5084 diligendo
1857 5028 1890 5067 er
1906 5008 2065 5077 totocorde,
2080 5018 2107 5064 et
2119 5026 2153 5066 ex

1377 5123 1419 5167 ota
1433 5112 1531 5175 arrima,
1545 5116 1572 5165 et
1584 5122 1620 5163 et
1633 5116 1687 5162 teta
1700 5114 1804 5171 ruentc;
1817 5112 1845 5160 et
1857 5101 1990 5171 diligendo
2004 5100 2157 5170 proximum

1368 5212 1490 5272 tanquam
1505 5201 1635 5271 seipsum,
1650 5197 1788 5270 perveniet
1801 5194 1836 5250 ad
1848 5195 1970 5250 arborem
1985 5193 2056 5256 rita,
2071 5200 2100 5246 et
2114 5191 2154 5246 ria

1367 5304 1409 5350 ret
1422 5295 1448 5348 in
1462 5300 1600 5347 aeternum.

1365 5384 1477 5443 cribet
1495 5382 1613 5439 xllt'ttt.
1625 5411 1661 5424 ·-
1674 5380 1725 5436 Per
1733 5380 1859 5451 epilepsim
1870 5377 1983 5449 ampulat
1992 5376 2082 5449 refellit
2096 5372 2157 5427 diu·

1595 5477 1749 5531 aiclroeorum
1776 5473 1925 5529 catarnaum.

1367 5667 1431 5722 teris
1441 5664 1602 5721 Testamenti
1614 5659 1826 5731 reprehendant?
1836 5659 1999 5728 lnterrogcnt
2009 5652 2153 5711 secundum

1368 5772 1468 5813 morem
1481 5770 1569 5820 suum,
1578 5762 1606 5810 et
1619 5751 1825 5823 respondeamus
1836 5751 1905 5806 sicut
1914 5748 2041 5803 bourinus
2054 5742 2154 5797 dorrare

1367 5849 1500 5920 dignatur.
1512 5847 1599 5915 Quare
1614 5845 1675 5901 iecit
1691 5842 1911 5904 lleusbominem,
1921 5839 2051 5908 irradiant,
2072 5848 2152 5903 ‹prcrn

1367 5949 1537 6009 peccaturum
1548 5936 1668 5993 sciebat?
1678 5933 1743 6002 Quia
1754 5942 1781 5989 et
1795 5933 1829 5988 de
1838 5939 1964 6002 peccante
1983 5926 2065 5980 multa
2083 5923 2154 5978 bona

1367 6031 1454 6087 lacere
1468 6038 1580 6102 poterat,
1601 6027 1727 6084 ordinans
1746 6039 1806 6080 eum
1823 6019 1967 6077 seeundum
1982 6015 2155 6071 moderamen

1398 6147 1406 6178 ¹
1419 6145 1488 6203 ratiti,
1497 6157 1540 6210 per
1552 6141 1725 6193 ronreraioacm
1744 6136 1850 6195 reniam,
1868 6140 1915 6184 cte.
1932 6139 1961 6182 ut
1974 6137 2027 6182 ttss.
2042 6143 2093 6182 nrru
2111 6141 2153 6179 aa·

1367 6206 1438 6266 brut,
1446 6220 1489 6270 prr
1498 6204 1679 6258 cmtterot'ertcm.
