5709 7534
697 829 765 890 ¹2¹9

695 943 864 1007 roluutates,
877 944 951 994 tauto
963 936 1047 1009 magis
1065 937 1271 1008 predicaturus,
1287 946 1386 1009 quanto
1401 934 1485 1006 magis

696 1050 730 1091 ιιε
741 1033 915 1105 predicarem
926 1031 966 1087 cis
979 1029 1166 1101 precipiebam
1182 1030 1273 1101 utquid
1285 1030 1336 1086 boe
1349 1029 1486 1101 preripie-

696 1126 758 1182 bati
771 1124 826 1181 Nisi
844 1124 906 1194 quia
926 1123 1009 1193 pigris
1022 1122 1127 1178 solebat
1140 1121 1292 1187 ostendere,
1314 1129 1414 1192 quante
1426 1130 1485 1176 stu·

694 1217 797 1275 diosius
806 1225 957 1286 quantoque
970 1212 1117 1269 ferventius
1126 1228 1185 1268 cum
1201 1211 1348 1282 praedicare
1359 1210 1485 1278 debcant,

694 1308 871 1382 quibusjubct
884 1318 912 1365 ut
923 1306 1078 1378 praedicent,
1087 1304 1193 1378 quando
1206 1304 1244 1360 iili
1252 1304 1297 1375 qui
1308 1303 1487 1374 prohibeban-

695 1413 749 1471 tur,
764 1413 852 1459 tacere
865 1417 918 1458 oon
932 1409 1064 1471 poterant.

694 1495 807 1553 carba
825 1495 858 1552 V.
872 1524 907 1536 -
922 1493 960 1548 Dr
976 1509 1025 1563 quo
1045 1491 1167 1563 rupqesrit
1180 1488 1304 1554 decurret,
1319 1488 1386 1559 quod
1398 1489 1424 1542 iu
1439 1505 1486 1542 rro·

729 1588 796 1641 nriue
804 1587 859 1657 ejas
872 1586 970 1655 ejiceret
984 1583 1111 1637 doeurouic
1124 1598 1174 1634 nou
1185 1580 1293 1635 sociatus
1306 1578 1453 1648 discipulis,
1462 1587 1486 1633 et

729 1678 804 1744 dixit,
826 1676 914 1732 Nolite
935 1673 1075 1745 prohibere
1094 1685 1158 1727 eus:
1178 1670 1221 1741 qui
1241 1670 1311 1726 eninr
1329 1678 1421 1723 eontra
1440 1683 1487 1722 rus

730 1786 783 1825 nen
794 1776 845 1834 εει,
861 1783 910 1836 pro
929 1764 1005 1820 robis
1022 1772 1079 1826 est;
1100 1761 1224 1831 quotnodo
1245 1776 1296 1814 nou
1310 1766 1430 1831 repsprrct
1449 1757 1488 1811 illi

731 1861 859 1916 serrterrtio·
872 1857 914 1913 siri
927 1860 973 1923 oit,
988 1855 1038 1923 Qui
1052 1869 1106 1909 nou
1120 1862 1161 1907 εει
1175 1866 1291 1916 mecum,
1301 1849 1429 1907 adsersus
1445 1863 1488 1905 ure

730 1960 781 2007 cst.

678 2091 681 2096 .
732 2045 760 2100 u.
779 2043 903 2114 Sequitur
921 2039 1044 2096 blareus:
1062 2054 1072 2090 r
1090 2035 1119 2093 ln
1134 2036 1188 2092 illis
1202 2035 1296 2093 diebus
1309 2035 1406 2092 iterum
1425 2050 1486 2091 cum

698 2134 775 2192 turba
784 2131 971 2197 multacssct¹,
981 2143 1030 2183 nee
1040 2121 1246 2196 haberentquod
1259 2124 1461 2191 manducarent,
1476 2143 1485 2175 ι

696 2233 761 2291 etc,
780 2236 866 2291 usque
887 2220 920 2274 ad
935 2217 1000 2274 illud
1014 2219 1058 2273 ubi
1072 2217 1119 2281 ait,
1140 2235 1149 2268 ι
1163 2216 1311 2286 llcspondit
1326 2216 1362 2269 illi
1373 2214 1488 2271 lmnnes

695 2313 789 2370 dicens
809 2330 816 2367 ι
838 2311 972 2382 Magister,
991 2307 1105 2363 uidimus
1117 2307 1258 2377 quemdam
1273 2308 1299 2361 in
1314 2307 1421 2361 ntltnine
1443 2315 1489 2361 tuo

695 2406 846 2477 ejicientem
863 2402 1013 2467 daemonia,
1028 2400 1072 2472 qui
1089 2416 1142 2455 non
1160 2400 1282 2470 sequitur
1298 2399 1447 2461 uobiscum.
1462 2406 1490 2454 ει

696 2496 880 2572 prohibuimus
891 2508 964 2549 eum.
982 2491 1060 2547 lesus
1072 2499 1160 2545 autem
1174 2492 1229 2544 alt:
1246 2489 1332 2545 Nolite
1349 2490 1489 2559 prohibere

679 2572 777 2642 ¹eum:
801 2597 881 2639 nemo
898 2591 939 2637 est
953 2582 1025 2637 cuim
1037 2580 1082 2651 qui
1096 2579 1173 2634 iaciat
1186 2580 1311 2635 virtulem
1332 2580 1358 2635 in
1382 2580 1490 2634 nonriue

696 2690 769 2741 atreo,
784 2682 811 2729 ct
829 2673 913 2743 possit
929 2672 982 2727 cito
995 2671 1063 2725 male
1079 2670 1151 2740 loqui
1165 2668 1199 2725 de
1214 2684 1274 2730 mc:
1287 2670 1333 2739 qui
1350 2668 1421 2724 enim
1436 2687 1490 2725 non

697 2764 887 2823 cstadrersum
895 2777 952 2829 ros,
963 2777 1011 2832 pro
1022 2758 1161 2816 robiscstr
1171 2759 1267 2831 (llere.
1277 2761 1332 2824 ιιιι,
1345 2759 1371 2826 l,
1381 2776 1417 2827 ιι,
1427 2760 1485 2831 59).

698 2858 755 2914 lioc
764 2857 850 2914 Lucas
861 2855 984 2911 similiter
995 2863 1084 2910 narrat
1098 2852 1174 2925 (due.
1185 2869 1222 2921 rx,
1234 2854 1279 2921 lb,
1290 2853 1346 2924 50),
1358 2854 1408 2908 uisi
1418 2854 1490 2925 quod

698 2951 755 3021 ipso
770 2964 823 3004 nou
835 2947 910 3016 dicit,
925 2966 934 2999 ι
951 2944 1037 3002 Nemo
1049 2954 1090 3001 εει
1099 2946 1169 2999 ειιιιιι
1179 2944 1224 3015 qui
1238 2944 1316 2999 iaciat
1328 2944 1452 3000 uirtutem
1464 2947 1490 3000 in

697 3042 806 3099 nominc
820 3058 891 3108 meu,
904 3049 931 3095 et
944 3038 1029 3111 possit
1041 3036 1094 3093 cito
1105 3037 1174 3092 male
1184 3034 1255 3107 loqui
1265 3036 1299 3091 de
1314 3051 1357 3091 me
1373 3053 1380 3089 :
1394 3055 1403 3090 r
1420 3038 1490 3093 nulla

698 3142 739 3189 est
757 3148 822 3203 erqo
840 3132 909 3186 inter
926 3144 974 3186 eos
991 3128 1103 3200 quiescis
1120 3126 1275 3197 cujusquam
1297 3128 1489 3199 repugnantia.

698 3224 752 3283 Sed
768 3223 908 3281 uidendum
923 3230 965 3277 εει
978 3237 1011 3277 ue
1023 3219 1075 3276 hoe
1086 3219 1122 3275 iili
1137 3220 1277 3275 sentcntiae
1292 3220 1395 3275 Domini
1413 3230 1490 3292 pute-

699 3328 743 3374 tur
751 3316 914 3373 contmrium
923 3313 1019 3379 ubiait,
1032 3312 1083 3379 Qui
1096 3327 1192 3365 mecum
1203 3327 1253 3365 non
1265 3319 1312 3378 eat,
1325 3312 1492 3367 aduersarius

698 3421 751 3473 eat:
769 3417 792 3463 et
804 3406 848 3477 qui
858 3419 954 3459 raecum
967 3419 1017 3457 rrorr
1031 3401 1136 3472 colliqit,
1147 3401 1244 3472 apurqit
1258 3399 1363 3474 (ldottlr.
1378 3417 1424 3465 ru,
1441 3401 1490 3467 50,

698 3510 722 3555 et
737 3499 800 3553 bute.
812 3514 849 3564 rr,
863 3495 921 3562 23).
936 3491 1075 3561 Quomodo
1087 3492 1156 3548 euim
1167 3492 1217 3547 istc
1230 3505 1283 3545 uon
1293 3500 1350 3546 erat
1363 3491 1492 3547 adsersus

699 3607 770 3655 conr,
787 3589 904 3661 quicum
917 3585 961 3641 illo
975 3599 1028 3639 non
1041 3592 1108 3649 crat,
1122 3582 1156 3637 dc
1167 3597 1220 3652 quo
1232 3581 1349 3637 loannes
1359 3585 1491 3652 suggessit

700 3681 770 3753 quod
786 3695 845 3735 curu
858 3678 909 3733 illis
920 3692 980 3733 eum
995 3690 1047 3729 non
1059 3674 1228 3744 sequebatur,
1237 3672 1259 3727 si
1275 3671 1403 3729 adsersus
1415 3672 1490 3727 illum

698 3771 798 3842 estqui
819 3784 870 3823 non
884 3776 997 3822 osteum
1011 3764 1076 3820 illut
1090 3772 1135 3817 aut
1151 3763 1174 3818 si
1186 3762 1314 3817 adsersus
1333 3762 1407 3817 illum
1422 3771 1490 3828 erat,

699 3863 834 3937 quomodo
848 3860 912 3916 dicit
931 3854 1085 3927 discipulis,
1101 3854 1187 3909 Νοιιιε
1200 3855 1331 3925 prohibere
1343 3868 1353 3909 .·
1364 3855 1406 3924 qai
1425 3854 1491 3907 enirn

699 3972 750 4012 nou
763 3963 799 4009 ert
811 3952 930 4007 aduersus
946 3965 1007 4017 ror,
1022 3963 1069 4019 pro
1087 3946 1154 4001 robis
1168 3946 1223 4000 esti
1236 3946 1276 4001 ha
1291 3944 1343 4001 hoc
1362 3946 1492 4002 interesse

699 4045 795 4117 aliquis
809 4044 889 4108 dicct,
906 4042 967 4114 quia
982 4037 1025 4094 hie
1044 4036 1180 4107 discipulis
1193 4037 1240 4102 ait,
1257 4035 1308 4102 Qui
1322 4053 1373 4090 uon
1392 4046 1428 4091 ert
1442 4037 1492 4089 ad-

699 4155 785 4197 rerrur
796 4153 848 4202 ror,
863 4151 909 4207 pro
922 4133 990 4189 nolis
1009 4141 1062 4195 eat:
1076 4130 1111 4184 ibi
1126 4137 1215 4184 autem
1230 4128 1263 4184 de
1281 4128 1369 4198 seipso
1388 4128 1492 4182 locutus

699 4243 751 4297 εει,
764 4232 813 4299 Oui
826 4246 922 4285 recerunt
942 4243 992 4282 non
1007 4234 1058 4293 ert,
1072 4224 1191 4277 adversus
1207 4238 1246 4276 me
1262 4222 1317 4275 ert?
1333 4221 1412 4289 Quasi
1428 4235 1492 4276 vcro

700 4325 784 4397 possit
796 4338 856 4379 curn
871 4322 917 4376 illo
931 4334 984 4374 nou
1005 4331 1066 4373 csse
1082 4315 1126 4386 qui
1140 4312 1277 4384 discipulis
1291 4312 1351 4382 ejus
1364 4320 1490 4383 tanquam

700 4414 828 4473 rrrerubris
838 4412 897 4482 ejus
909 4410 1041 4465 sociatur:
1053 4404 1169 4475 alioquin
1184 4402 1317 4474 quomodo
1326 4418 1416 4457 rerum
1427 4402 1490 4468 crit,

701 4508 751 4575 Qut
761 4522 804 4562 ror
817 4503 914 4574 recipit,
936 4516 975 4555 nre
987 4498 1074 4570 recipit
1088 4494 1194 4568 (blarru.
1211 4510 1238 4561 ι,
1254 4492 1315 4566 10);
1331 4502 1367 4560 ει,
1384 4493 1491 4560 errnrdu

699 4602 744 4658 stri
757 4617 789 4656 ea
800 4598 909 4653 miniariis
923 4594 983 4650 meis
995 4590 1098 4664 fedatis,
1113 4587 1174 4643 nrilri
1185 4586 1278 4659 fecistis
1288 4584 1344 4657 (ld.
1356 4600 1419 4650 ur,
1432 4583 1492 4655 d0)l

688 4685 745 4749 vaut
765 4697 853 4763 potest
871 4688 952 4743 ctiam
965 4701 1017 4739 nou
1032 4697 1093 4739 csse
1106 4679 1234 4735 adsersus
1255 4692 1327 4745 eum,
1348 4676 1391 4748 qui
1411 4675 1492 4731 luerit

699 4783 827 4840 adversus
838 4774 982 4849 discipulus
1000 4772 1077 4845 ejusi
1090 4770 1156 4826 Nam
1171 4768 1216 4824 ubi
1235 4768 1285 4824 crit
1298 4766 1374 4833 illud,
1389 4766 1438 4831 Qui
1449 4783 1492 4821 ror

699 4876 804 4945 spernit,
817 4889 856 4927 me
867 4871 961 4942 spernit
972 4865 1046 4940 (Luc.
1056 4881 1084 4932 x,
1100 4862 1144 4936 td)
1154 4878 1161 4928 ;
1173 4869 1209 4926 et,
1225 4859 1332 4928 Quaado
1345 4858 1389 4913 arri
1399 4876 1431 4913 er:
1443 4859 1492 4912 mi·

700 4966 774 5020 niruir
787 4963 848 5018 meir
862 4979 912 5016 uon
925 4957 1028 5033 fecistis,
1040 4971 1118 5026 acque
1131 4952 1192 5007 nrilri
1204 4952 1297 5025 feristis
1309 4949 1414 5024 (dlottlr.
1426 4965 1490 5014 xxv,

700 5056 745 5126 tt)
756 5073 765 5121 ς
776 5063 812 5117 ει,
822 5053 911 5119 Sortle,
921 5049 1011 5115 Saule,
1023 5047 1083 5120 qaid
1098 5062 1137 5100 ore
1150 5043 1304 5117 persequeris
1314 5040 1381 5115 (Act.
1393 5058 1430 5107 tx,
1445 5041 1491 5112 tlt

700 5159 762 5200 cum
776 5142 921 5210 discipulos
933 5140 990 5210 ejus
1005 5134 1225 5209 persequeretur?
1234 5134 1285 5189 Sed
1302 5133 1426 5188 rrinrlrum
1440 5131 1491 5187 hoc

700 5236 757 5292 rult
772 5231 898 5301 intelligi,
911 5231 938 5284 ln
956 5237 1056 5283 tantum
1070 5242 1130 5283 cunr
1146 5225 1192 5282 illo
1206 5241 1259 5280 nou
1277 5239 1338 5280 esse
1352 5224 1490 5294 aliquem,

701 5330 727 5386 in
741 5331 869 5399 quantum
882 5328 923 5377 εει
934 5320 1063 5375 adversus
1076 5318 1150 5373 illum
1160 5336 1168 5385 ς
1179 5319 1240 5373 ειιιι
1250 5326 1351 5372 tautum
1363 5316 1491 5372 adversus

701 5421 775 5477 illum
788 5430 840 5471 nou
851 5427 921 5476 csse,
935 5410 961 5464 ιιι
972 5419 1100 5479 quantum
1109 5423 1168 5461 cum
1181 5408 1227 5463 illo
1237 5419 1287 5463 est.
1300 5408 1417 5478 Exempli
1428 5422 1492 5478 qra-

702 5511 747 5578 tia,
762 5510 831 5565 sicul
850 5506 900 5562 iste
914 5502 972 5574 ipso
990 5500 1034 5571 qui
1050 5499 1075 5553 in
1090 5497 1306 5553 nominetLhristi
1325 5501 1436 5554 uirtutes
1454 5499 1491 5553 la-

701 5603 790 5661 eicbat
802 5609 828 5657 ot
841 5600 867 5655 in
890 5594 1018 5654 socictate
1031 5588 1220 5660 discipulorum
1238 5587 1336 5644 Christi
1349 5603 1402 5644 nun
1416 5599 1491 5654 crat,

701 5696 728 5751 in
748 5699 877 5766 quantum
894 5685 1054 5761 operabatur
1070 5680 1182 5737 virtutes
1199 5678 1226 5733 ιιι
1244 5678 1315 5734 illius
1332 5680 1450 5745 nonrine,
1466 5680 1492 5734 in

703 5793 806 5840 tantum
824 5796 885 5838 cum
899 5778 964 5850 ipsis
976 5783 1044 5845 crat,
1059 5780 1088 5831 et
1102 5767 1230 5828 adversus
1243 5783 1290 5824 eos
1306 5784 1359 5823 non
1376 5778 1449 5831 erat:
1466 5770 1492 5824 in

703 5884 830 5949 quantum
844 5887 907 5928 uero
918 5883 1010 5926 eorum
1021 5863 1142 5923 societati
1156 5875 1211 5919 non
1222 5859 1384 5924 adherebat,
1397 5859 1423 5914 iu
1435 5868 1494 5914 tan-

689 5952 693 5963 ”
703 5978 760 6024 tuna
782 5980 842 6022 cum
861 5964 926 6035 ipsis
946 5949 999 6017 noa
1023 5967 1094 6026 crat,
1109 5964 1137 6014 ει
1150 5953 1277 6011 adsersus
1290 5964 1337 6007 eos
1351 5959 1419 6006 erat.
1434 5948 1493 6036 'Sed

689 6050 764 6131 'quta
776 6057 813 6114 illi
826 6057 876 6112 boc
886 6070 947 6112 eum
961 6052 1046 6107 lacere
1059 6048 1260 6123 prohibuerant,
1273 6044 1300 6100 in
1313 6054 1438 6115 quocum
1451 6040 1492 6113 ip-

703 6181 1083 6305 AEffiffifflmtm,rm
1102 6180 1495 6249 temrquolaats.etasaerts

1074 825 1118 884 bs
1136 826 1311 885 CONSENSU
1332 825 1655 896 stthcbttststttttt,
1675 826 1704 884 S.
1724 828 1907 889 ttdcbstttt

1982 771 2026 797 -,,
2318 762 2323 777 ι

2261 838 2327 899 tito

1539 935 1577 992 sis
1591 947 1667 1004 erat,
1691 938 1759 995 dixit
1771 941 1810 997 eis
1833 942 1971 1010 bomiaus,
1988 941 2076 1003 Nolite
2098 946 2239 1020 probibere.
2263 949 2329 1007 illud

1539 1028 1609 1084 enim
1622 1029 1764 1100 probibere
1785 1032 1948 1103 debuerunt,
1971 1037 2043 1107 quod
2065 1049 2140 1094 extra
2163 1056 2256 1096 corum
2272 1055 2329 1099 crat

1538 1119 1702 1185 societatem,
1716 1132 1745 1176 ιιι
1760 1122 1796 1177 illi
1810 1125 1937 1179 unitatem
1957 1127 2081 1183 Ecclesia
2101 1130 2260 1197 suaderent,
2276 1149 2328 1188 noir

1539 1208 1604 1266 iilud
1618 1211 1644 1266 in
1659 1225 1712 1282 quo
1731 1227 1792 1268 cum
1805 1214 1935 1280 illiserat,
1951 1231 2048 1273 nomen
2061 1220 2163 1276 scilicet
2174 1221 2291 1292 blagistri
2302 1234 2328 1279 ct

1537 1299 1644 1357 bomim
1662 1317 1754 1358 eorum
1770 1304 2001 1362 indumentorum
2017 1310 2173 1380 expulsione
2190 1322 2328 1369 commcn-

1539 1391 1615 1448 dans.
1634 1393 1709 1450 Sicut
1722 1396 1852 1452 catholiea
1870 1398 1988 1455 Ecclesia
2007 1400 2087 1471 iacit,
2103 1419 2156 1459 non
2175 1405 2330 1475 improbans

1538 1481 1565 1537 in
1578 1481 1709 1540 haereticis
1721 1486 1892 1544 Sacramenta
1908 1492 2077 1558 communia;
2094 1494 2119 1548 in
2133 1492 2173 1550 his
2192 1496 2264 1552 enim
2282 1513 2330 1554 no-

1539 1572 1641 1629 biscum
1654 1586 1726 1642 sunt,
1742 1587 1770 1633 et
1791 1577 1919 1635 aduersus
1936 1596 1985 1636 nos
2000 1595 2052 1636 non
2069 1594 2131 1639 sunt
2145 1601 2152 1637 :
2167 1585 2214 1641 scd
2229 1588 2329 1657 impro·

1539 1661 1584 1724 tur
1597 1672 1624 1719 et
1639 1664 1927 1735 prohibetdiuisiouem
1950 1685 1983 1726 ae
2002 1673 2208 1743 separationem,
2226 1677 2269 1731 ecl
2283 1678 2330 1732 ali-

1539 1769 1618 1826 quam
1631 1756 1770 1813 adrersam
1790 1761 1849 1829 paci
1867 1762 2026 1833 veritatique
2045 1766 2223 1834 scuterrtianr;
2239 1770 2265 1824 in
2281 1769 2330 1824 hec

1539 1847 1611 1902 enim
1630 1847 1760 1907 adsersus
1774 1865 1823 1907 uos
1844 1863 1916 1919 sunt,
1935 1855 1996 1924 quia
2019 1856 2045 1909 in
2059 1855 2111 1912 hoc
2124 1858 2261 1915 nobiscum
2277 1878 2329 1916 non

1539 1948 1611 2004 suut,
1625 1949 1652 1996 et
1667 1942 1803 1999 nobiscum
1820 1960 1872 1999 non
1885 1946 2022 2016 eolligunt,
2035 1956 2063 2004 et
2075 1949 2134 2005 ideo
2148 1962 2285 2022 spargunt.

1539 2028 1652 2087 csebt
1673 2031 1716 2089 tlt.
1729 2062 1765 2073 -
1778 2033 1853 2100 Quod
1866 2036 1892 2089 in
1905 2038 2036 2093 occasione
2047 2039 2124 2111 hujus
2138 2043 2180 2112 qai
2190 2044 2217 2096 ιιι
2231 2047 2330 2099 nomine

1574 2116 1670 2179 Clrrirti
1680 2125 1793 2195 ejiciebat
1803 2127 1937 2194 demonio,
1949 2132 2125 2199 quoruularurrr
2139 2114 2275 2204 discipulis
2280 2154 2330 2190 nou

1575 2226 1727 2283 srqrreretur,
1744 2215 1847 2272 Murrus
1861 2218 1971 2289 surpliua
1991 2238 2068 2289 quem
2090 2221 2172 2279 butor
2193 2224 2330 2280 Dorrrr'rrurrr

1576 2305 1670 2359 dixisse
1682 2309 1809 2375 nomorlt,
1829 2311 1955 2379 quomodo
1976 2314 2120 2368 ostendatur
2133 2315 2168 2369 ad
2186 2317 2234 2371 hor
2246 2318 2329 2386 ipsum

1577 2398 1701 2467 pcrtirrcre
1724 2400 1792 2470 quod
1805 2401 1878 2455 illum
1894 2403 2031 2458 innomine
2043 2405 2329 2478 arrossrirtrttrmfocicu-

1577 2496 1625 2539 tcm
1638 2489 1714 2542 retuit
1724 2490 1861 2559 prohiberi.

1577 2578 1603 2631 t.
1624 2578 1749 2649 Sequitur
1764 2581 1867 2637 hlarcus
1882 2592 1908 2638 ct
1927 2583 1990 2641 dicit
2008 2604 2014 2642 :
2034 2606 2043 2639 ι
2060 2588 2182 2660 Quisquis
2194 2591 2264 2647 culm
2280 2606 2331 2661 po·

1542 2675 1597 2748 tum
1610 2670 1712 2726 dederit
1723 2672 1796 2727 vobis
1809 2675 1919 2730 calicem
1934 2692 2010 2746 aquae
2023 2679 2048 2733 in
2062 2682 2169 2737 nomiae
2181 2697 2251 2749 meo,
2266 2685 2327 2753 quia

1542 2757 1639 2815 Christi
1650 2761 1725 2828 estis,
1741 2777 1819 2817 amen
1832 2763 1892 2820 dieo
1906 2765 1996 2830 robis,
2011 2782 2063 2822 nou
2077 2769 2170 2838 perdet
2182 2773 2331 2829 mercedem

1542 2862 1627 2903 suam.
1639 2850 1672 2905 Et
1680 2850 1798 2923 quisquis
1809 2852 2028 2910 scandalizaverit
2041 2872 2122 2912 urium
2134 2874 2166 2914 ει
2178 2858 2219 2914 Ιιιε
2231 2861 2332 2930 pusillis

1542 2938 1713 2996 credentibus
1731 2940 1757 2995 in
1777 2956 1829 3006 me,
1851 2941 1949 2998 bonum
1971 2954 2013 3000 cst
2038 2944 2064 3001 ci
2084 2948 2167 3019 magis
2181 2947 2205 3003 si
2217 2949 2331 3004 circum·

1542 3029 1650 3086 daretur
1665 3031 1733 3087 moia
1753 3032 1867 3088 asinaria
1881 3034 1950 3090 coilo
1962 3035 2030 3105 ejus,
2046 3044 2074 3092 ει
2087 3037 2114 3091 iu
2129 3053 2202 3093 mare
2215 3040 2333 3097 mittere·

1543 3129 1595 3176 tur.
1609 3122 1674 3177 Etsi
1685 3122 1902 3179 scandalizaverit
1913 3134 1938 3181 ιε
1947 3141 2042 3181 manus
2057 3135 2111 3195 tua,
2124 3128 2231 3184 abscide
2242 3130 2331 3185 illam:

1542 3209 1640 3267 borreum
1654 3223 1694 3267 εει
1709 3213 1754 3268 tibi
1767 3213 1881 3270 debilem
1895 3216 2004 3271 introire
2018 3216 2045 3271 ιιι
2064 3217 2155 3284 ιιιιιιι,
2172 3235 2251 3289 qaam
2266 3220 2333 3275 duas

1542 3318 1637 3358 manus
1650 3302 1791 3359 habentem
1805 3305 1844 3361 ire
1856 3305 1881 3360 iu
1893 3305 2053 3376 gehennam,
2066 3308 2189 3378 inignem
2202 3311 2332 3366 inexstin-

1542 3394 1676 3465 guibilem,
1690 3393 1733 3449 ubi
1745 3395 1841 3450 vermis
1852 3411 1945 3451 corum
1958 3412 2010 3452 uon
2024 3399 2145 3465 moritur,
2161 3410 2188 3455 ει
2198 3401 2266 3471 iqnis
2279 3418 2331 3456 nou

1543 3485 1745 3556 exstinguenda
1757 3495 1823 3556 ete,
1837 3502 1920 3558 usque
1932 3488 1965 3543 ad
1978 3489 2042 3544 illud
2053 3489 2096 3544 ubi
2108 3490 2154 3558 ait,
2171 3511 2180 3544 ι
2195 3492 2295 3548 llabcte
2306 3494 2331 3548 iu

1542 3577 1618 3631 robis
1641 3577 1734 3643 salem,
1749 3587 1776 3632 ει
1790 3593 1882 3649 pacem
1904 3578 1998 3635 habete
2011 3579 2080 3635 iuter
2093 3597 2140 3637 ros
2155 3601 2165 3635 ι
2184 3582 2331 3655 (diurnus,

1543 3668 1624 3724 tlt-tlt
1635 3669 1655 3739 ).
1672 3668 1734 3723 llaec
1747 3668 1851 3725 blarcus
1869 3670 2009 3726 [lominum
2020 3672 2146 3740 locutum,
2161 3685 2331 3747 posteaquam

1544 3761 1618 3817 illum
1637 3761 1681 3832 qui
1702 3760 1728 3815 iu
1751 3761 1857 3816 nominc
1872 3762 1930 3832 ejus
1949 3762 2071 3834 ejiciebat
2084 3764 2214 3821 duruorria
2233 3776 2331 3824 etcum

1542 3855 1678 3928 discipulis
1692 3872 1745 3911 nrrn
1757 3871 1816 3911 cum
1830 3857 1999 3928 sequebatur,
2010 3861 2095 3915 vetuit
2106 3860 2250 3931 prohiberi,
2266 3877 2331 3918 ειιιι·

1544 3950 1634 4005 testim
1644 3950 1952 4020 commemorat;aliqua
1969 3966 2070 4021 ponens
2087 3969 2146 4023 quae
2163 3954 2251 4009 utullus
2265 3956 2332 4010 alius

1543 4040 1771 4112 Erarrpelistarum
1794 4043 1898 4113 posuit,
1918 4044 2005 4114 aliqua
2026 4059 2089 4101 sero
2110 4061 2170 4116 quo
2195 4047 2332 4105 ttarrlaeas

1542 4146 1646 4203 quoque
1661 4132 1758 4201 posuit,
1781 4141 1808 4188 ct
1822 4132 1908 4203 aliqua
1927 4132 2018 4190 itidem
2033 4149 2092 4205 quac
2106 4144 2132 4190 et
2150 4133 2290 4193 blattiuuus
2306 4148 2333 4194 ct

1542 4221 1647 4277 Lucas:
1661 4220 1708 4277 sed
1721 4221 1757 4277 illi
1767 4236 1800 4277 ex
1811 4223 1870 4279 aliis
1884 4224 2076 4292 occasionibus,
2088 4237 2114 4281 ει
2126 4227 2178 4306 alio
2189 4244 2275 4284 rerum
2286 4245 2332 4284 or·

1543 4314 1615 4381 diue,
1628 4332 1681 4372 non
1694 4318 1743 4373 boc
1755 4318 1815 4375 loco
1825 4318 1868 4373 ubi
1881 4319 1914 4375 de
1927 4319 1974 4375 illo
1986 4329 2137 4392 suggestum
2149 4331 2200 4389 εει,
2215 4323 2331 4393 quicum
2382 4304 2387 4313 ⁴

1542 4407 1678 4479 discipulis
1697 4408 1796 4466 Christi
1816 4426 1869 4466 non
1889 4426 1951 4467 eum
1966 4413 2141 4484 sequebatur,
2158 4421 2185 4469 ct
2201 4414 2332 4470 daemonia

1543 4499 1570 4556 in
1580 4502 1637 4571 ejus
1650 4501 1756 4555 nomine
1766 4501 1898 4572 ejiciebat.
1911 4501 1986 4558 Unde
1996 4502 2060 4558 inihi
2070 4503 2173 4560 ridetur
2191 4506 2270 4560 ctiam
2283 4505 2333 4561 hoc

1543 4592 1602 4647 loeo
1616 4591 1744 4647 llorrrinus
1755 4592 1901 4648 secundom
1911 4591 1992 4648 llarci
2006 4592 2084 4649 iidem
2098 4594 2158 4650 ideo
2167 4593 2265 4650 dixisse
2274 4610 2333 4665 qua

1542 4680 1602 4737 aliis
1621 4682 1700 4738 etiam
1716 4682 1780 4738 locis
1794 4682 1870 4749 dixit,
1883 4683 1945 4754 quia
1961 4685 2026 4740 satis
2040 4685 2207 4755 pertinebant
2218 4686 2251 4742 ad
2266 4687 2334 4743 hanc

1543 4772 1626 4842 ipsam
1642 4773 1701 4842 ejus
1714 4772 1892 4841 senteutiam,
1907 4787 1959 4844 qua
1973 4775 2057 4829 uetuit
2076 4773 2209 4845 prohiberi
2223 4776 2333 4831 uirtutes

1543 4864 1570 4919 in
1584 4865 1690 4919 nomine
1704 4878 1753 4920 suo
1765 4864 1838 4932 lieri,
1853 4865 1932 4920 ctiam
1944 4864 1979 4920 ab
1991 4865 2036 4920 illo
2056 4866 2100 4936 qui
2118 4881 2179 4921 curn
2197 4866 2335 4936 discipulis

1543 4972 1605 5012 eum
1628 4974 1679 5013 non
1692 4957 1864 5028 sequebatur.
1879 4955 1923 5013 Sic
1946 4956 2018 5013 enim
2039 4958 2177 5013 contexit:
2195 4957 2245 5023 Qui
2267 4959 2333 5012 enim

1544 5064 1595 5102 rron
1604 5058 1640 5104 ert
1659 5049 1791 5103 aduerunt
1804 5064 1857 5110 eos,
1873 5064 1919 5118 pro
1931 5048 1999 5103 robis
2017 5057 2071 5103 est:
2083 5049 2193 5119 quisquis
2205 5050 2273 5103 eninr
2284 5065 2332 5118 po-

1529 5147 1598 5204 ‚trmr
1621 5139 1716 5195 dederit
1735 5137 1802 5195 colis
1813 5139 1917 5194 culicem
1935 5154 2007 5211 oquoe
2019 5138 2045 5193 in
2066 5138 2166 5191 nundus
2186 5154 2253 5204 rrreo,
2271 5137 2331 5208 quir

1544 5229 1637 5286 Cirristi
1656 5233 1725 5298 estis,
1745 5232 1896 5286 arcadico
1919 5230 2002 5297 roho,
2018 5245 2067 5283 rrou
2089 5228 2174 5298 perdet
2194 5228 2330 5282 aurcedcru

1543 5339 1624 5378 ranna.
1636 5321 1711 5378 Unde
1725 5322 1841 5379 ostendit
1853 5321 1931 5377 etiam
1944 5319 2017 5374 illum
2030 5318 2125 5388 dequo
2138 5315 2255 5373 loannes
2267 5333 2331 5388 sug·

1543 5427 1675 5483 gesserat,
1702 5422 1729 5467 et
1743 5413 1812 5468 unde
1825 5414 1876 5468 iste
1890 5411 1947 5482 ejus
1960 5424 2051 5464 sermo
2063 5420 2173 5464 exortus
2186 5419 2242 5476 εει,
2261 5409 2333 5481 quud

1545 5521 1597 5561 non
1609 5508 1643 5559 ita
1657 5506 1830 5573 separabatur
1842 5521 1858 5560 a
1876 5504 2002 5561 societate
2015 5502 2214 5572 discipulorum,
2228 5513 2257 5557 ut
2275 5519 2334 5558 eam

1546 5606 1669 5666 tanquam
1684 5594 1823 5651 lraercticus
1835 5596 1999 5667 improbaret
2015 5614 2023 5650 ι
2042 5594 2088 5650 εει
2102 5595 2171 5650 sicut
2184 5595 2271 5650 solent
2285 5595 2335 5650 ho·

1545 5689 1631 5744 nrirrcs
1645 5686 1761 5742 noudum
1775 5686 1872 5744 audere
1885 5687 1982 5742 Christi
1994 5686 2130 5757 suscipere
2145 5686 2333 5752 Sacramenta,

1545 5787 1572 5835 ct
1592 5787 1680 5833 mmen
1698 5778 1799 5832 nomini
1816 5777 1905 5834 lasere
1924 5776 2085 5843 christiano,
2109 5778 2144 5832 ita
2159 5787 2186 5832 ut
2209 5776 2336 5833 Christia-

1545 5882 1594 5924 nos
1614 5868 1694 5923 ctiam
1714 5868 1876 5937 suscipiant,
1891 5875 1919 5922 ει
1932 5883 1985 5923 uon
2000 5868 2036 5924 ob
2054 5867 2125 5922 aliud
2142 5868 2197 5935 eis,
2211 5869 2262 5922 nisi
2275 5868 2336 5939 quia

1545 5958 1681 6014 christiani
1703 5966 1776 6024 sunt,
1789 5958 1980 6029 obsequantur,
1995 5958 2029 6014 dc
2041 5958 2162 6029 qualibus
2176 5958 2250 6026 dicit,
2266 5959 2336 6030 quud

1546 6066 1598 6105 nou
1610 6050 1722 6121 perdunt
1732 6050 1882 6106 mercedem
1892 6064 1977 6105 suam.
1990 6050 2119 6121 Nonquia
2130 6051 2185 6122 jam
2197 6054 2245 6108 tuti
2258 6061 2337 6122 atqtm

1547 6140 1631 6196 securi
1647 6139 1696 6194 sibl
1709 6137 1807 6195 debent
1827 6138 1910 6194 rideri
1928 6155 1960 6194 cx
1974 6141 2023 6194 hac
2036 6140 2233 6207 benevolentia,
2256 6157 2335 6212 quam

1548 6243 1611 6301 erga
1619 6226 1784 6285 Christianus
1794 6228 1902 6299 habent,
1915 6230 2018 6285 etiamsi
2030 6228 2127 6287 Christi
2142 6229 2274 6309 baptismo
2283 6246 2336 6287 uua
