5709 7534
704 859 773 921 titt
1111 847 1156 905 tin
1173 844 1346 906 coasfflt
1366 839 1693 910 ntandettstttttttt,
1712 839 1742 899 S.
1763 840 1948 902 tucdsttt't
2269 844 2340 904 ttae

704 992 750 1032 rer
760 981 848 1030 mter.
864 967 910 1025 liii
922 974 1005 1023 ratem
1018 962 1178 1019 eranum.-
1193 959 1273 1026 Toile,
1287 959 1358 1028 tolie,
1373 957 1495 1031 maringe
1548 963 1730 1030 noteeuteat
1739 955 1802 1028 guid
1813 955 1956 1029 etqnando
1966 956 1992 1014 ci
2003 956 2090 1014 teniat
2099 955 2262 1015 inurentem.
2273 958 2341 1018 Cum

703 1080 771 1121 um.
783 1061 835 1118 Sed
845 1048 1497 1129 nenoejameoromotusPilatuatimoreealumnie
1548 1047 1661 1121 ergoilli
1675 1047 1760 1105 saneti
1772 1058 1799 1104 et
1814 1063 1924 1106 reraeee
1935 1050 1986 1105 riri
2000 1051 2075 1122 quusi
2090 1045 2197 1107 lortulta
2212 1053 2341 1109 reeorda-

705 1153 781 1211 iaeile
794 1149 915 1207 oedem
928 1146 1002 1202 Tune
1015 1143 1087 1200 enim
1100 1156 1167 1198 uror
1179 1140 1238 1212 eiua
1250 1138 1286 1196 ad
1304 1152 1366 1195 eom
1387 1138 1498 1193 miserat
1550 1140 1650 1197 donare
1664 1156 1772 1198 auarutn
1787 1151 1896 1212 promer
1914 1143 2074 1199 narrationis
2088 1144 2210 1199 ordinem
2230 1145 2343 1200 oeenltre

705 1235 1032 1315 sedentemprotribunali
1043 1234 1129 1307 :quod
1143 1231 1336 1305 preoccupavit
1347 1228 1496 1297 molem,
1550 1230 1598 1288 liei
1612 1230 1746 1303 poteruti,
1766 1231 1811 1286 eui
1832 1232 1899 1288 nilril
1911 1230 2049 1288 fortuitum
2063 1240 2118 1301 ert,
2131 1227 2349 1301 commisissent,

704 1335 813 1410 quiitoe
833 1333 907 1389 rolna
927 1325 1146 1386 commemorarit
1168 1332 1309 1395 antennam
1326 1320 1360 1377 ad
1374 1335 1436 1378 eum
1456 1321 1498 1377 lo·
1549 1335 1604 1378 non
1617 1330 1722 1393 coenet
1734 1335 1895 1393 qaemqnmo
1914 1320 2051 1377 lominum
2066 1320 2158 1379 dicere
2171 1322 2250 1394 longe
2267 1322 2342 1393 abio·

705 1442 767 1484 earn
783 1422 943 1482 narratione
954 1421 1066 1485 reniret,
1084 1427 1114 1475 ot
1128 1417 1163 1472 tei
1178 1416 1229 1472 noe
1242 1423 1362 1486 ponem,
1384 1413 1430 1469 ulai
1447 1426 1498 1483 oo·
1549 1412 1763 1471 etomalroenlis
1777 1413 1823 1468 liei
1837 1419 1866 1468 ei
1879 1413 1956 1485 longe
1975 1414 2201 1486 peregrinantem,
2214 1414 2271 1471 lioe
2285 1415 2344 1471 loeo

705 1527 847 1589 nonnonm
859 1512 996 1586 judicarit.
1011 1510 1129 1566 Teutana
1141 1507 1230 1579 itaque
1240 1505 1327 1561 adime
1339 1504 1451 1571 tinam,
1465 1517 1500 1560 ne
1550 1502 1612 1575 noni
1622 1501 1724 1570 debuie
1739 1502 1810 1574 qarod
1823 1501 1900 1559 raldo
1913 1502 2016 1575 ignorat
2025 1517 2075 1560 eur
2084 1519 2120 1563 ee
2128 1504 2189 1561 loeo
2199 1504 2343 1575 Paeanem

706 1607 769 1682 qnid
784 1606 935 1679 proiceret,
954 1602 1022 1659 dixit
1033 1601 1074 1657 ela
1084 1617 1092 1655 ι
1104 1597 1198 1671 lingere
1210 1605 1320 1652 aetram
1333 1593 1500 1667 eadigam?
1549 1594 1674 1650 voluerit.
1689 1594 1756 1661 Quin
1767 1604 1791 1650 et
1801 1594 1825 1651 ri
1835 1594 1976 1651 drentem
1995 1604 2034 1652 eat
2046 1598 2202 1670 megetiam
2213 1608 2342 1663 nostrum,

708 1698 902 1771 Responderunt
915 1694 1068 1768 pontificat
1080 1688 1141 1747 Non
1150 1687 1270 1743 ieiunae
1286 1700 1368 1758 regere
1379 1685 1428 1739 nial
1441 1681 1498 1739 Cte-
1550 1686 1753 1757 attinendos,
1771 1687 1799 1742 in
1816 1687 1902 1761 iiagai
1914 1698 2018 1760 emeret
2032 1688 2172 1745 olreletnrta
2182 1700 2220 1748 eet
2230 1690 2239 1764 (
2249 1690 2270 1746 ll
2283 1691 2342 1746 Cor.

706 1805 798 1845 aereae
810 1786 943 1857 Tracago
953 1771 1499 1847 tradiditeiaiilrmatcracifigeretur(lorr.
1550 1793 1589 1844 tv,
1606 1778 1650 1853 li).
1665 1779 1699 1834 lit
1712 1778 1986 1845 continuentur·
2002 1780 2103 1854 guidem
2116 1797 2201 1837 eamne
2213 1782 2277 1838 oder
2288 1783 2345 1837 nie

707 1896 763 1946 ιιι,
776 1877 876 1950 t-tdi.
899 1876 933 1932 lit
949 1876 1011 1930 dnm
1026 1872 1120 1945 pergit,
1141 1880 1168 1925 et
1184 1868 1248 1925 dunt
1262 1864 1425 1936 emeiligitur
1438 1879 1500 1920 eum
1550 1867 1578 1924 in
1591 1869 1678 1936 ritem,
1699 1869 1757 1924 aliia
1768 1869 1832 1925 odor
1846 1869 1935 1925 eaortr'a
1946 1871 1972 1925 in
1984 1882 2108 1936 meten:
2119 1872 2231 1943 subjecit
2243 1873 2343 1940 statim,

707 1967 980 2032 deoluelotroniiur,
1003 1966 1167 2020 dumrestcs
1181 1959 1240 2032 ejus
1261 1956 1499 2022 titriduntur,otin
1552 1958 1586 2015 Et
1601 1961 1637 2015 ed
1655 1962 1709 2016 ine
1732 1962 1788 2030 onia
1820 1961 1926 2017 idenera
1946 1961 2006 2035 (id.
2023 1979 2051 2029 n,
2070 1961 2183 2036 ldiild
2207 1972 2259 2029 est,
2285 1965 2345 2036 gnie

708 2073 812 2123 aerim
835 2061 879 2118 iila
902 2058 990 2116 turrita
1015 2055 1129 2113 mittitur
1139 2052 1160 2121 ¹,
1174 2060 1253 2123 angue
1266 2051 1335 2106 inter
1354 2047 1412 2103 itare
1422 2046 1501 2103 rariir
1552 2050 1662 2108 ΙιΙιιιιιιιι
1676 2051 1913 2123 intelilgerenuam
1923 2052 1995 2124 leste
2007 2053 2155 2122 llatlQuod
2172 2055 2241 2110 idem
2257 2055 2346 2111 linmi·

706 2135 837 2211 'mentis
850 2149 967 2208 illuditur
988 2144 1079 2221 (simul
1099 2144 1171 2201 enim
1190 2155 1252 2199 eum
1275 2139 1319 2195 ilia
1333 2145 1499 2209 gererentur,
1553 2157 1605 2199 nae
1618 2142 1701 2198 dicit:
1717 2142 1848 2216 Egoeeni,
1861 2153 1890 2199 ut
1903 2144 1947 2215 gni
1961 2160 2011 2199 non
2023 2144 2117 2209 rideret,
2132 2144 2288 2211 nidenan-et
2302 2147 2346 2216 gni

709 2243 789 2301 etim
800 2241 919 2300 oenrieia
928 2236 1105 2311 hdeiantnr)
1117 2274 1125 2296 .
1140 2232 1272 2304 cotnpleta
1283 2238 1325 2287 eet
1337 2228 1402 2283 laora
1414 2236 1500 2295 seam,
1552 2233 1646 2299 ridere
1659 2234 1719 2288 reci
1728 2233 1792 2304 fiant
1811 2231 1906 2306 (ioan.
1920 2248 1958 2302 ιι,
1969 2234 2003 2290 id
2011 2232 2033 2306 l.
2048 2233 2105 2307 ipsa
2117 2243 2158 2290 est
2173 2234 2243 2290 enim
2257 2235 2346 2290 aititu-

711 2343 739 2392 et
749 2334 824 2389 laeta
835 2338 899 2388 aunt
910 2326 1038 2396 tenebre,
1050 2340 1116 2398 near
1126 2322 1276 2390 llattlnene,
1291 2319 1395 2376 ttarem
1404 2325 1432 2375 et
1447 2317 1502 2374 ltt·
1551 2322 1588 2379 do
1602 2322 1752 2380 dinitiarum
1764 2323 1883 2380 scientim
1896 2332 1923 2380 et
1934 2324 2069 2395 sapientiae
2081 2324 2137 2391 liei,
2151 2339 2202 2394 qua
2217 2325 2245 2378 ln
2256 2340 2289 2379 ex
2301 2340 2347 2380 ea·

710 2439 756 2481 aaa
767 2426 988 2479 eommetnorant.
1552 2414 1613 2471 dem
1625 2429 1713 2470 maara
1725 2414 1797 2471 aliud
1809 2429 1856 2470 raa
1868 2416 1894 2471 ln
1907 2414 2055 2484 honorem,
2069 2415 2141 2471 aliud
2161 2416 2188 2470 in
2202 2425 2345 2472 oontnme·

746 2513 793 2569 l'l.
807 2510 867 2569 lam
881 2510 970 2580 itaque
981 2514 1087 2562 enmuat
1101 2502 1180 2575 impia
1195 2499 1354 2573 pertinacia,
1373 2508 1401 2556 ct
1411 2496 1503 2556 cretici
1554 2504 1633 2572 liam3
1653 2513 1681 2561 et
1697 2504 1796 2561 dicitur
1807 2504 1881 2561 carni
1895 2514 1923 2561 et
1934 2505 2065 2577 soriguini,
2082 2503 2193 2560 orione
2203 2514 2230 2559 ta
2239 2505 2295 2575 quir
2309 2496 2346 2560 ιε’

714 2602 855 2659 Dominum
868 2598 959 2655 lerum
977 2595 1122 2662 Christum,
1133 2602 1161 2649 et
1175 2592 1251 2647 tertia
1269 2590 1334 2645 laora
1346 2590 1503 2646 crueldtutu
1552 2597 1597 2669 qni
1614 2597 1765 2669 “spondeas
1783 2595 1838 2654 Poe
1851 2597 1945 2670 (Rom.
1963 2613 2002 2665 ιι,
2022 2598 2068 2666 ιι,
2080 2596 2152 2671 diiii
2164 2596 2230 2666 Qaia
2242 2611 2306 2668 ergo
2319 2607 2347 2653 et

713 2693 803 2766 lium
815 2690 979 2757 limium·
994 2696 1105 2744 0250212
1117 2685 1239 2740 minim
1251 2684 1364 2740 ”fillium
1379 2699 1387 2737 ²
1401 2683 1464 2755 quia
1476 2682 1502 2738 in
1554 2689 1642 2746 initae
1654 2705 1685 2746 re
1698 2689 1835 2762 cognoscit
1849 2690 2012 2747 intellectum
2027 2690 2142 2759 Domini,
2156 2698 2203 2747 aut
2213 2691 2272 2762 quis
2282 2706 2348 2745 con·

713 2784 828 2840 tumultu
841 2779 1004 2843 todennam,
1017 2786 1045 2833 et
1058 2776 1134 2832 Pilati
1145 2775 1262 2843 natibus,
1273 2773 1333 2830 dure
1344 2783 1423 2846 atqrte
1444 2789 1503 2828 am·
1554 2780 1669 2862 ιιιῑιιῑμι
1683 2781 1721 2838 itti
1737 2781 1786 2838 tuin
1797 2782 1808 2855 (
1816 2780 1859 2838 td,
1876 2797 1922 2848 xt,
1941 2782 1987 2850 33,
2003 2783 2037 2838 ιι
2046 2780 2068 2852 ),
2082 2781 2127 2838 nni
2141 2782 2180 2838 εἰς
2192 2781 2348 2854 gubernante

712 2875 783 2947 nim
798 2873 871 2931 horat
884 2871 1068 2945 nraetederunt
1082 2884 1098 2924 a
1114 2882 1180 2923 rece
1191 2881 1243 2938 qua
1256 2866 1397 2934 dixerunt.
1413 2864 1503 2922 Citii·
1554 2871 1633 2928 oorda
1648 2871 1874 2930 reminiscentiam
1893 2873 2144 2945 Evangelisiarum,
2160 2881 2187 2928 et
2210 2872 2236 2927 in
2257 2872 2349 2927 Eoo-lo·

716 2967 777 3040 fige.
789 2964 843 3024 Sed
852 2964 910 3036 inse
923 2963 1037 3029 llarcun
1050 2960 1095 3031 nui
1110 2961 1226 3018 maximo
1238 2958 1375 3014 irrerltatie
1387 2965 1505 3015 sectator
1554 2962 1601 3018 riae
1616 2961 1720 3034 irreligio
1736 2970 1810 3018 tanto
1828 2962 1995 3019 auctoritatis
2008 2962 2125 3019 eulmine
2143 2961 2304 3025 sublimarit,
2321 2970 2348 3017 nt

714 3068 773 3126 eat,
790 3057 906 3115 ererirer
919 3054 1003 3110 roluit
1014 3053 1137 3109 intimare
1149 3049 1226 3107 Pilati
1240 3049 1402 3106 voluntatem
1418 3058 1446 3105 et
1456 3063 1503 3104 eo·
1555 3066 1603 3123 ner
1613 3051 1672 3108 lane
1682 3052 1737 3123 inea
1748 3067 1808 3124 qnae
1817 3052 1844 3107 in
1853 3053 1893 3109 eie
1902 3051 2036 3108 contraria
2047 3049 2131 3108 rideri
2143 3060 2261 3122 possum,
2273 3052 2347 3107 mniti

714 3157 804 3207 natum
817 3162 865 3218 pro
879 3145 983 3201 Pontini
996 3144 1059 3199 rita.
1074 3141 1219 3198 demerim
1234 3140 1354 3206 dixisset,
1366 3141 1398 3194 dt
1407 3139 1446 3194 iili
1459 3140 1506 3193 lte·
1555 3152 1765 3211 excaecarentur,
1781 3142 1861 3215 digne
1873 3141 1964 3198 traditi
1982 3142 2009 3197 in
2021 3141 2248 3212 conmpiscentias
2260 3141 2349 3196 cordia

712 3256 769 3297 runt
789 3239 978 3302 clanmorem,
994 3233 1120 3305 Crucifige
1139 3248 1213 3298 error,
1238 3231 1282 3286 uli
1297 3229 1412 3286 ostendit
1433 3229 1504 3301 qnod
1555 3235 1606 3301 eoi,
1620 3243 1647 3291 et
1659 3235 1685 3290 in
1702 3233 1843 3303 repronom
1860 3248 1969 3290 sensum
1983 3231 2045 3307 (ld.
2061 3248 2081 3302 t,
2094 3231 2140 3299 il,
2154 3233 2206 3304 28)
2217 3250 2224 3299 ;
2235 3244 2262 3289 et
2273 3233 2348 3288 inniti

711 3331 766 3404 lam
776 3331 966 3396 etmnmeram,
979 3341 1040 3382 eum
1052 3325 1151 3383 velient
1162 3323 1213 3379 sili
1226 3321 1322 3378 dimitti
1339 3321 1503 3377 nantoani:
1555 3332 1742 3380 exercerentur
1754 3322 1788 3378 od
1807 3322 1970 3378 elimandum
1985 3323 2055 3392 niun
2073 3322 2234 3378 intelleetnm
2251 3337 2348 3377 securr-

713 3419 844 3492 edjnnnii‚
866 3417 964 3474 Pilntrr
973 3432 1031 3473 earo
1041 3415 1136 3470 dicrint
1148 3413 1194 3479 eir,
1213 3411 1281 3479 Quid
1293 3411 1359 3467 enim
1374 3411 1434 3466 annii
1446 3410 1505 3482 ierit
1554 3411 1617 3468 dnm
1628 3412 1759 3468 oecultout
1769 3410 1964 3482 Ornnipoieutis
1972 3410 2119 3482 justitiami
2130 3411 2197 3468 llicit
2206 3412 2276 3469 enim
2288 3427 2349 3484 prat·

712 3512 723 3582 (
735 3510 818 3566 llere.
838 3525 883 3588 ar,
906 3511 957 3577 li,
975 3509 1004 3564 ll
1014 3507 1041 3579 il
1058 3507 1113 3562 line
1133 3503 1213 3560 rtaotlu
1234 3503 1351 3560 ineriter
1364 3502 1506 3558 insinuarit
1555 3500 1633 3571 pineta
1644 3501 1757 3557 liernitro
1771 3517 1780 3558 a
1792 3498 1878 3556 Nimia
1889 3500 2024 3572 melandre
2035 3504 2109 3573 {ade
2119 3510 2178 3556 aunt
2186 3503 2350 3573 cogitationea

714 3602 779 3674 quid
797 3602 842 3657 dio
861 3609 964 3671 gestum
978 3610 1029 3656 eat.
1050 3598 1149 3653 liemon
1162 3605 1250 3651 uranon
1270 3594 1350 3649 etiam
1365 3593 1422 3664 inse
1434 3591 1505 3664 guod
1556 3601 1608 3648 tre
1616 3610 1627 3660 ,·
1637 3593 1675 3648 air
1687 3593 1834 3663 ingredere
1842 3608 1893 3647 non
1905 3602 2046 3666 cognoacet,
2061 3602 2085 3648 et
2096 3594 2187 3649 atrltru
2197 3611 2247 3649 non
2259 3596 2349 3651 inteili-

713 3692 796 3748 rellet
816 3690 948 3762 intelligi,
968 3704 1022 3745 non
1044 3687 1099 3753 ait,
1114 3685 1214 3742 Pilatus
1231 3699 1295 3740 nero
1308 3683 1375 3765 dixit
1386 3683 1444 3748 eis3
1457 3682 1506 3739 aed
1554 3694 1595 3759 ger
1609 3685 1664 3741 later
1675 3683 1767 3759 (Pani.
1782 3699 1837 3754 xer,
1851 3685 1879 3752 d,
1894 3684 1942 3758 i).

714 3781 763 3850 ait,
778 3780 879 3837 Piratae
890 3795 947 3836 rere
960 3777 1056 3834 diceiat
1068 3777 1114 3844 eia,
1128 3774 1197 3843 Quid
1205 3775 1271 3831 mina
1280 3772 1342 3828 rarii
1353 3772 1505 3845 seritiQuia
1590 3775 1635 3833 di.
1654 3776 1720 3833 Peto
1734 3785 1842 3845 antem,
1857 3785 1886 3834 et
1897 3776 2029 3834 admoneo
2042 3792 2089 3835 eoa
2105 3780 2150 3851 qui
2165 3779 2222 3837 leae
2239 3781 2347 3853 legnnt,

714 3871 737 3928 ai
751 3870 862 3938 diceret,
878 3869 964 3936 dixin
977 3866 1052 3940 quael
1063 3865 1146 3924 semei
1159 3864 1260 3921 dietum
1273 3862 1481 3935 intelligerentur
1496 3880 1503 3918 :
1557 3881 1605 3939 ner
1618 3881 1668 3924 nos
1677 3866 1819 3938 adjurante
1829 3867 1942 3924 lionrioo
1951 3868 2097 3939 elalrorata,
2112 3880 2140 3925 ut
2154 3869 2233 3941 liujus
2244 3888 2348 3930 sermo·

713 3962 777 4033 guia
788 3976 852 4018 rere
865 3961 920 4028 ait,
933 3958 1050 4024 dicebat:
1061 3956 1127 4014 raris
1139 3954 1269 4012 intimarit
1281 3952 1505 4027 intelligentibrn,
1556 3958 1687 4030 nicom
1701 3957 1753 4016 hoe
1770 3958 1831 4016 loeo
1845 3959 2066 4032 nureoaemtnm
2083 3962 2225 4034 arlritratne
2236 3978 2306 4033 sum,
2322 3965 2349 4021 in

715 4053 806 4114 multia
819 4052 906 4110 modia
919 4059 947 4110 et
958 4065 1031 4124 rape
1047 4048 1147 4106 dietum
1159 4061 1237 4114 erro,
1252 4061 1390 4119 quaeqae
1402 4044 1508 4120 badae
1556 4049 1632 4106 omri
1645 4049 1729 4105 rinili
1741 4050 1921 4121 neuim
1933 4050 2090 4110 dildealtate
2108 4055 2294 4124 meminerint,
2316 4072 2350 4112 ne

717 4145 833 4203 retlaora
846 4152 932 4204 ιιιιι.
944 4143 1096 4214 cogitemus
1106 4155 1171 4213 ergo
1183 4139 1390 4211 guamboeriter
1400 4138 1454 4196 hoe
1465 4138 1508 4195 tli-
1556 4141 1655 4213 ιηίιι
1671 4141 1767 4199 eadem
1788 4142 1933 4214 comenda
1950 4144 2014 4199 altat.
2032 4143 2124 4202 Paeile
2144 4154 2233 4202 autem
2251 4146 2354 4203 ridebit

717 4238 789 4294 xerit
799 4237 902 4294 llarcua
913 4234 941 4291 in
951 4234 1153 4305 muneratione
1164 4229 1291 4297 llatdoei,
1300 4246 1380 4302 titum
1390 4230 1508 4287 breriter
1555 4234 1601 4306 qni
1615 4234 1675 4291 tine
1688 4234 1831 4305 implentia
1844 4234 1941 4292 duritia
1963 4237 2076 4293 voluerit
2094 4238 2250 4307 attendere,
2268 4255 2349 4310 ananr

716 4326 853 4384 liuthart
866 4325 894 4382 ia
904 4323 1104 4395 muneratione
1122 4321 1220 4389 Luem,
1233 4336 1312 4394 quam
1325 4320 1442 4378 lareriter
1453 4319 1507 4377 Lu-
1556 4331 1707 4395 opportuno
1718 4323 1779 4381 ioco
1788 4323 1891 4381 llareus
1902 4325 1953 4381 hoe
1964 4325 1999 4382 de
2009 4327 2085 4401 tet-tia
2098 4326 2162 4383 liora
2176 4328 2306 4399 posuerit,
2320 4341 2349 4385 ut

588 4443 593 4452 ·
713 4415 1014 4489 &murmuratione
1033 4413 1162 4481 ioannis,
1177 4427 1237 4468 eum
1258 4421 1345 4467 tannen
1359 4410 1506 4483 aliaatque
1556 4413 1592 4471 liri
1612 4416 1725 4488 quisque
1746 4416 1966 4489 recordeturque
1985 4416 2149 4475 horaludaoi
2169 4420 2350 4479 erueilirernrt

714 4511 766 4567 dia
778 4509 890 4584 ιιιιίιιιο
909 4512 1148 4571 ωιιιιιιιιιοιιιιις
1163 4518 1242 4600 qua-m
1254 4502 1370 4574 donique
1388 4501 1506 4561 bretton·
1556 4503 1708 4574 Dominum,
1721 4505 1768 4578 qui
1780 4507 1904 4563 roleltant
1919 4509 1946 4564 in
1959 4508 2094 4566 llomarros
2105 4510 2148 4567 rel
2161 4512 2294 4583 principes
2307 4514 2349 4569 rei

717 4600 775 4673 ipse
786 4601 903 4658 ioannea
915 4598 944 4656 in
959 4595 1157 4669 muneratione
1168 4609 1257 4651 rernm
1268 4607 1328 4666 gnte
1337 4602 1420 4664 gestae
1432 4601 1504 4660 sunt,
1555 4595 1653 4653 militen
1664 4596 1809 4654 oaorem
1821 4597 1907 4670 ipsum
1919 4599 2029 4667 lacinias,
2044 4600 2088 4656 nid
2099 4599 2196 4658 iactum
2210 4604 2349 4659 ministro·

712 4704 741 4750 et
757 4708 890 4750 moramur
908 4706 969 4749 emo
984 4690 1028 4746 iila
1043 4684 1217 4761 gererentur:
1229 4694 1257 4743 et
1269 4685 1331 4743 aine
1344 4684 1446 4741 insania
1459 4700 1504 4743 re·
1556 4701 1616 4743 runa
1627 4686 1739 4744 militnm
1751 4700 1987 4745 commemoratum
2002 4699 2054 4748 est.
2067 4692 2112 4747 Ait
2124 4693 2206 4759 enim,
2219 4692 2254 4748 Ει
2266 4695 2348 4749 creci-

491 4846 495 4854 ,
607 4800 609 4804 ·
713 4784 822 4841 eleteanli
836 4780 1177 4840 credornuaduaslroraact
1190 4776 1503 4851 quiddaminillointer·
1555 4777 1875 4849 ligeateaeaaadirirerant
1888 4781 2245 4853 reatirnmraeg'ar,nittenter
2257 4794 2350 4840 rortrm

716 4878 785 4934 raliu
797 4874 909 4932 transire
923 4873 1053 4946 potuisse.
1555 4883 1631 4939 aare
1650 4868 1707 4933 eia,
1728 4870 1784 4940 gaia
1802 4869 1864 4941 qaid
1878 4869 1974 4925 tolleret
1986 4888 1997 4926 .·
2010 4872 2055 4941 ιιι
2070 4870 2120 4928 lroe
2130 4874 2150 4938 ¹,
2170 4872 2222 4927 uisi
2240 4875 2348 4941 milites,

748 4968 793 5023 itt.
805 4967 931 5036 Quisquis
944 4973 1032 5022 autem
1045 4962 1142 5020 dixerit
1154 4961 1272 5034 potente
1284 4960 1413 5029 Hereum,
1428 4962 1451 5017 ai
1468 4961 1504 5017 ita
1555 4958 1757 5016 nenoteanes
1776 4959 2074 5031 manileetntilirgooe
2094 4965 2349 5035 quistguamengita·
2387 5009 2392 5018 ,

714 5067 806 5124 erret,
826 5073 860 5114 eo
881 5067 1001 5128 empore
1017 5056 1106 5112 dioere
1120 5052 1308 5111 trasennam
1323 5052 1506 5123 tortumque
1556 5049 1656 5107 tionem
1668 5052 1733 5108 tanti
1747 5049 1877 5120 crindnie,
1892 5065 2003 5107 aversus
2015 5065 2030 5106 a
2044 5050 2153 5118 iudeis,
2168 5053 2195 5107 in
2209 5053 2305 5109 milites
2318 5054 2350 5109 il·

715 5155 775 5202 erat
788 5146 853 5202 itera
866 5146 954 5211 tenth,
966 5160 1028 5202 eum
1048 5159 1101 5201 rex
1112 5143 1265 5201 inoduorum
1278 5142 1313 5200 de
1324 5141 1506 5215 emungendo
1556 5141 1596 5200 tor
1604 5151 1784 5209 converteret,
1796 5140 1859 5197 Erat
1868 5150 1963 5207 naun,
1980 5140 2075 5212 inquit,
2087 5140 2150 5194 lrore
2162 5141 2235 5195 tertio
2251 5150 2275 5195 et
2286 5157 2347 5196 ctat·

716 5235 830 5293 [lemine
848 5235 997 5302 renuisset,
1016 5234 1199 5293 dieereetiaea
1212 5234 1284 5307 qnod
1301 5249 1363 5292 cunr
1378 5242 1441 5292 tune
1453 5233 1506 5305 inei
1555 5236 1690 5306 ritineant
1711 5250 1790 5302 earn:
1804 5243 1833 5290 ut
1852 5232 1890 5289 illl
1903 5248 1965 5290 eum
1986 5232 2074 5303 molas
2090 5230 2253 5287 trueiiiriaee
2270 5232 2343 5289 inre·

715 5323 915 5392 ιιιιιιῆιιιὶιιιι
928 5323 1009 5379 nimis
1021 5324 1137 5395 superbe
1148 5326 1221 5396 leger
1238 5326 1421 5384 rurratorihur
1433 5326 1506 5383 reri·
1556 5327 1681 5394 raiatnor,
1703 5338 1771 5396 quoa
1790 5322 1857 5380 hora
1876 5323 1955 5380 tertia
1975 5329 2004 5376 nt
2015 5321 2214 5392 erueiigeretur
2231 5322 2348 5380 clamare

693 5447 695 5454 ·
715 5419 778 5476 tatia
789 5414 910 5489 imponit.
926 5412 1051 5470 Sieenim
1065 5422 1153 5483 ootert
1162 5413 1262 5481 dicere,
1275 5415 1299 5472 ai
1313 5415 1507 5488 teotmeau·
1556 5414 1675 5487 potuisse
1688 5456 1697 5483 ,
1708 5414 1822 5488 diligena
1834 5411 1971 5484 inquiritor
1981 5411 2116 5479 iuroniet,
2129 5426 2190 5468 eum
2203 5411 2348 5470 advenerit

714 5501 1369 5575 rnret,eonaotiueodemqtaeordiuealaomnibna
1380 5504 1506 5564 debelrae
1556 5504 2347 5580 loeguodamiliiilroalacttttneat,ltoraaextaiaetumeeae.

715 5596 837 5665 narrari,
858 5609 912 5668 quo
934 5594 992 5666 iore
1014 5590 1140 5648 namatii·
1155 5590 1291 5662 'Digneittr
1308 5607 1373 5665 ergo
1391 5595 1506 5652 oonsilio
1589 5600 1635 5657 to.
1657 5600 1813 5673 Quanquam
1829 5614 1884 5658 nott
1902 5598 1993 5656 metm
2010 5599 2056 5671 qni
2078 5614 2244 5671 mmeeeree,
2268 5617 2347 5675 qnnatu

716 5686 798 5772 darei
817 5683 987 5758 evangeliste
1000 5680 1122 5754 augenti
1136 5680 1276 5738 eoruillona
1297 5696 1391 5751 mum,
1410 5684 1457 5755 goi
1471 5698 1505 5741 eo
1554 5688 1672 5748 loanoea
1681 5689 1901 5749 commemorarit
1911 5689 2023 5758 dieena,
2036 5687 2102 5746 Erat
2119 5700 2202 5746 arten
2216 5709 2347 5762 manaem

716 5776 777 5832 loeo
794 5776 820 5832 id
834 5774 986 5848 ponendum
998 5772 1135 5847 ludlwllt
1154 5785 1207 5843 ii¹¹⁰
1219 5770 1279 5827 ¹000
1289 5769 1379 5828 divina
1389 5771 1505 5845 lnanlra·
1558 5779 1674 5844 Poariroe.
1685 5781 1748 5836 itere
1761 5781 1816 5855 {ere
1826 5791 1908 5849 mtto,
1920 5779 2013 5837 horam
2028 5780 2081 5836 diei
2095 5781 2201 5837 tertiam
2214 5782 2298 5839 relint
2309 5784 2347 5839 in·

714 5867 787 5923 done
800 5873 953 5938 suggestum
966 5870 1018 5921 eet.
1035 5861 1243 5919 necormuoner
1255 5860 1327 5925 eoin
1343 5876 1436 5919 eornm
1447 5853 1505 5934 ritis
1556 5868 1649 5942 tetigt,
1663 5887 1714 5944 qua
1728 5871 1974 5942 nortmanno
1991 5869 2116 5927 mutnet
2129 5888 2138 5927 ι
2152 5881 2182 5927 ιι
2189 5871 2283 5930 eaden
2298 5883 2347 5931 ιιι

715 5957 956 6030 minutulum
966 5963 1038 6022 wid·
1048 5954 1231 6027 ‹1⁰5le
1241 5967 1346 6025 iimm·
1360 5954 1429 6010 ilffli
1439 5954 1506 6010 Scri·
1557 5962 1592 6018 tia
1610 5963 1742 6036 completa
1761 5963 1899 6034 rideatur,
1913 5962 2251 6035 qmndoeraeidxnres13
2267 5977 2348 6041 atqua

716 6061 790 6121 mam
802 6059 854 6115 Μ.
866 6049 981 6122 qualiter
994 6048 1032 6105 illi
1045 6048 1184 6120 nheuerit.
1197 6045 1296 6103 Fluitat
1307 6046 1379 6102 euim
1389 6045 1505 6104 annana
1556 6054 1603 6109 iilo
1618 6053 1673 6126 jam
1686 6055 1820 6127 pendente
1833 6056 1861 6112 in
1882 6053 1972 6128 ligno,
1994 6055 2055 6111 alie
2069 6063 2125 6113 tres
2138 6054 2212 6114 inre
2233 6070 2349 6131 peractae

633 6185 641 6196 .
717 6141 844 6198 maaria
858 6139 1012 6213 porrarias
1031 6138 1222 6212 cogitarim,
1243 6152 1292 6194 nee
1306 6138 1333 6194 iu
1346 6137 1503 6212 utnusquam
1555 6146 1627 6212 tint,
1647 6155 1676 6203 et
1692 6147 1836 6205 rednlldcrit
1848 6147 1972 6218 spiritum
1985 6162 1994 6200 a
2008 6154 2039 6203 ot
2057 6145 2092 6202 alt
2104 6160 2136 6203 ea
2156 6145 2220 6204 liora
2238 6164 2290 6221 qtna
2301 6138 2348 6209 de·

747 6246 1333 6315 *annumeratio-anienem.
1589 6255 2215 6326 ¹tneotruatttor,rearrrr:modmeraatrre
2317 6317 2321 6324 ,
