5709 7534
641 867 706 927 rror
1049 855 1092 910 ne
1110 845 1281 908 consessu
1305 836 1627 908 erinontrsrmutr,
1645 839 1674 896 s.
1694 837 1876 899 uunusruu
2197 841 2255 898 „52

641 985 750 1042 motu
762 977 914 1042 tertuum,
928 985 986 1029 tunc
998 973 1083 1028 scitote
1094 968 1155 1041 quio
1164 960 1375 1038 appropinquarit
1387 959 1432 1012 de-
1482 963 1543 1012 sunt
1556 957 1628 1012 uelut
1648 955 1733 1012 utens
1748 971 1756 1010 z
1770 953 1876 1026 mapula
1890 967 1957 1010 reru
1977 959 2007 1008 ot
2022 949 2161 1032 elrrlelas,
2175 955 2261 1010 munti

641 1075 732 1132 solutio
744 1075 807 1144 ejus.
819 1070 893 1126 Tune
906 1067 956 1124 erit
970 1079 1034 1136 ergo
1046 1059 1207 1118 abominatio
1218 1051 1391 1113 desolationis
1403 1049 1431 1106 ln
1482 1047 1573 1104 laetitia
1588 1047 1742 1117 luxuriaque
1755 1059 1803 1102 eor
1814 1043 1963 1116 submergit
1979 1051 2065 1112 atoue
2080 1041 2191 1108 obruit;
2203 1045 2261 1114 qnod

643 1171 702 1226 loeo
715 1177 816 1222 saneto.
1482 1138 1581 1193 malum
1604 1137 1706 1192 munau
1727 1136 1835 1192 nomine
1853 1143 1995 1204 propterea
2017 1129 2200 1202 significatum
2220 1143 2262 1200 eu,

679 1257 742 1314 150.
755 1253 831 1324 Quod
846 1260 934 1308 autom
946 1249 984 1305 ait
996 1245 1151 1311 linitionem,
1166 1239 1288 1309 Tenenti
1301 1239 1326 1292 in
1338 1235 1432 1293 ledea
1482 1227 1543 1298 ouria
1571 1225 1629 1282 hmo
1647 1235 1705 1282 orat
1721 1226 1787 1292 jum.
1810 1221 1888 1278 sierrti
1908 1231 1937 1278 et
1959 1235 2036 1278 nune
2056 1229 2099 1278 est
2122 1219 2261 1278 lulaorun

640 1357 709 1415 mr.
722 1349 819 1419 sumunt
837 1345 871 1400 od
884 1350 994 1405 montes:
1006 1349 1030 1393 et
1042 1337 1085 1406 qui
1098 1336 1125 1390 in
1138 1343 1218 1400 tecto,
1233 1347 1284 1386 nou
1298 1327 1433 1384 ducendas
1483 1317 1598 1384 11081111Ι
1615 1311 1799 1380 &meuldin
1818 1313 1865 1370 illo
1877 1311 1923 1370 dio
1939 1311 2051 1369 delieiis
2067 1311 2197 1378 allluere,
2211 1311 2262 1368 dun

642 1439 729 1494 tollere
740 1433 836 1507 aliquid
847 1432 879 1488 de
892 1431 967 1486 domo
984 1444 1049 1494 ruo,·
1063 1436 1086 1482 et
1099 1427 1142 1498 qui
1157 1426 1185 1480 tn
1200 1433 1272 1492 cyro,
1285 1433 1336 1472 non
1347 1431 1432 1470 nuer-
1483 1402 1620 1473 spirituale
1638 1403 1776 1460 sabbatum
1789 1402 1921 1474 ignorant
1933 1403 1991 1458 Aut
2005 1401 2030 1458 si
2044 1401 2150 1474 aliquid
2163 1401 2264 1458 alludia

642 1536 710 1584 parur
727 1525 815 1580 polim
833 1523 944 1578 unnim
962 1535 1053 1584 “⁰¹⁸3
1072 1513 1180 1572 totidem
1197 1525 1265 1582 pelle
1278 1507 1367 1564 verbis
1381 1505 1433 1562 hoc
1484 1497 1536 1553 illis
1545 1495 1690 1552 seeundum
1699 1495 1849 1550 Mailllaetttli
1859 1504 1887 1551 el
1896 1493 2017 1550 'millii
2028 1493 2123 1550 verilis
2133 1493 2264 1564 inlelligere·

642 1619 723 1672 otiam
741 1615 843 1671 llareus
864 1617 1063 1668 commemorat.
1084 1607 1285 1666 eroesautem,
1301 1598 1371 1654 Tunc
1388 1597 1434 1668 qut
1483 1587 1547 1644 dum
1569 1595 1622 1654 est,
1644 1585 1744 1658 aliquid
1767 1583 1840 1642 aliud
1864 1585 1946 1642 etiam
1967 1583 2060 1640 lauras
2082 1583 2194 1652 dixerit,
2212 1583 2266 1640 dtu

642 1708 668 1762 in
678 1705 771 1760 ludeo
782 1713 850 1768 runt,
866 1702 960 1772 inquit,
975 1700 1072 1772 fuqiom
1085 1698 1111 1751 in
1120 1691 1300 1750 monter:laoe
1311 1690 1380 1745 siout
1394 1687 1432 1743 illi
1485 1687 1572 1736 tranen
1591 1678 1661 1734 nulla
1684 1677 1864 1749 repugnantiae
1883 1675 1998 1746 mamutio
2018 1684 2175 1732 moveatur.
2189 1673 2267 1746 ileum

643 1797 710 1862 duo;
724 1807 821 1852 coetera
836 1809 899 1850 nero
911 1793 997 1848 aliter.
1014 1789 1138 1860 sequitur
1157 1787 1246 1850 enim,
1263 1781 1383 1847 etdieit,
1400 1779 1433 1834 Ει
1484 1770 1555 1825 otim
1570 1783 1640 1824 nuuc
1661 1767 1801 1839 Evangelia
1819 1765 1978 1838 exponenda
1997 1763 2190 1836 suscepitur,
2202 1765 2268 1820 ιιιι

642 1889 685 1958 qur
699 1888 725 1942 ιιι
739 1887 821 1942 meum
832 1889 902 1957 eja,
916 1884 1062 1946 diaeum,-
1076 1889 1099 1934 eu
1111 1878 1155 1950 ,με
1168 1879 1193 1931 ιη
1208 1873 1366 1948 regnantum,
1382 1888 1433 1927 ηιιι
1484 1861 1607 1918 laisitatis
1619 1859 1660 1916 rel
1672 1859 1780 1916 ortuum
1788 1855 1928 1914 ealuatniis
1938 1853 2127 1912 defendenda.
2143 1854 2203 1910 Alia
2214 1869 2268 1910 rem

643 1973 735 2025 intrent
749 1970 775 2024 iu
786 1985 841 2024 enm
855 1968 935 2039 :uuio
948 1966 1000 2021 dier
1012 1965 1114 2020 ultionis
1128 1963 1154 2017 iri
1163 1969 1231 2028 sunt,
1242 1969 1269 2014 ιιι
1281 1960 1434 2030 impleantur
1486 1967 1546 2024 quo)
1560 1951 1587 2007 in
1600 1950 1651 2006 lroe
1663 1963 1788 2006 sermone
1799 1948 1938 2004 Hattltmas
1947 1947 2040 2020 posuit
2051 1946 2208 2004 sommuma
2217 1959 2268 2002 tn

643 2061 729 2115 omnio
746 2075 803 2130 quo
819 2059 913 2130 uripto
925 2065 992 2112 emt.
1011 2055 1081 2112 Satis
1100 2053 1234 2110 diversunt
1247 2051 1351 2107 ridetur
1362 2047 1433 2122 quod
1488 2043 1587 2110 floreo,
1598 2037 1930 2112 niltillmbentquastionls
1941 2057 1948 2096 :
1959 2045 2125 2110 quaeautem
2132 2035 2270 2106 curulum,

646 2150 684 2205 illi
697 2149 750 2205 duo
768 2149 907 2214 dixerunt,
922 2147 955 2202 Et
967 2147 1009 2216 qui
1026 2153 1222 2210 supertectum,
1237 2157 1286 2196 non
1300 2140 1435 2196 descendat
1487 2153 1540 2194 non
1553 2137 1581 2192 in
1594 2137 1645 2192 lroe
1657 2149 1781 2190 sermone
1792 2133 1877 2188 lucas
1889 2145 1921 2187 oa
1935 2129 2039 2202 posuit,
2049 2127 2132 2200 eujus
2144 2127 2271 2185 huieorm

644 2242 731 2296 tollere
743 2240 839 2308 aliquid
851 2241 882 2294 de
895 2240 970 2294 domo
982 2253 1046 2304 suo:
1058 2247 1085 2293 et
1098 2235 1168 2308 quod
1183 2236 1232 2292 iste
1246 2233 1326 2300 dicit,
1345 2231 1377 2287 Et
1391 2231 1436 2303 qui
1485 2227 1643 2294 ooueordat;
1654 2226 1702 2284 sed
1713 2225 1776 2282 alilri
1788 2224 1850 2280 talia
1861 2223 1903 2280 rel
1917 2221 2083 2279 recordatur
2094 2219 2272 2292 atqtteiutm‘t

644 2332 671 2386 in
689 2331 770 2386 medio
787 2332 860 2402 ejus,
880 2329 1033 2385 discedunt:
1051 2328 1100 2385 nisi
1115 2328 1182 2382 irrrte
1195 2326 1257 2398 quia
1271 2323 1435 2395 perturbatio
1487 2319 1706 2394 praeooeupando,
1713 2327 1743 2374 ut
1764 2317 1838 2388 prius
1854 2323 2054 2372 commemoret
2071 2327 2138 2384 quae
2160 2321 2276 2384 posteat¹

644 2437 739 2492 magna
751 2422 801 2478 erit
814 2431 866 2476 tam
879 2436 974 2492 magno
987 2419 1101 2475 instante
1113 2416 1249 2489 periculo,
1264 2415 1301 2472 illi
1313 2430 1381 2488 quos
1394 2415 1436 2470 in·
1487 2413 1599 2469 Domino
1617 2411 1687 2467 dicta
1699 2418 1777 2475 sunt;
1792 2408 1834 2464 rel
1847 2407 1889 2464 lois
1906 2405 2059 2462 abomino
2071 2403 2149 2462 dieta
2169 2401 2272 2460 heilin-

644 2513 767 2570 elusisset
777 2511 891 2578 obsidio,
902 2511 971 2581 ιιιιιιι
980 2511 1110 2580 signidem
1122 2508 1246 2574 dicendo,
1256 2508 1300 2578 qui
1313 2507 1434 2562 inermia
1488 2503 1586 2575 telligi,
1599 2510 1628 2560 et
1638 2515 1709 2558 nuno
1720 2499 1864 2558 seeundum
1878 2495 2054 2564 Hattlamum,
2068 2504 2100 2554 et
2113 2503 2181 2552 tune
2192 2509 2274 2552 meaa·

646 2605 710 2676 rjus,
724 2605 750 2660 in
763 2612 832 2660 tecto
845 2612 923 2659 erunt
932 2603 1034 2657 attoniti
1045 2611 1073 2658 et
1083 2601 1203 2656 solentes
1212 2599 1302 2656 uidere
1313 2599 1376 2671 quid
1387 2599 1437 2654 im·
1487 2594 1551 2649 ditm
1561 2593 1658 2663 ipsum.

648 2693 777 2764 pendeat,
790 2694 832 2748 uel
850 2708 900 2763 qua
920 2691 1084 2748 evadendum
1106 2691 1149 2746 sit.
1166 2691 1220 2748 Soti
1233 2690 1367 2762 quomodo
1378 2690 1435 2754 ait,
1487 2683 1598 2740 cut‘tlt
1611 2679 1749 2737 txxt'ttt.
1764 2709 1799 2721 -
1812 2677 1886 2744 Quod
1896 2685 2106 2732 commemorant
2117 2673 2274 2732 liuttifltut

645 2783 784 2846 dormant,
796 2782 901 2852 quando
916 2797 995 2852 supra
1004 2781 1081 2847 dixit,
1094 2798 1151 2835 cum
1165 2791 1248 2836 nutem
1262 2781 1372 2836 videritis
1382 2783 1434 2834 clr·
1524 2773 1627 2828 llnrrus
1640 2784 1698 2828 urite
1710 2772 1812 2828 lidorum
1824 2774 1916 2842 futuro
1931 2769 2054 2836 Paule,
2063 2777 2090 2824 et
2100 2777 2192 2842 posteo
2202 2767 2276 2822 d'unt

645 2872 759 2926 rutudari
773 2871 804 2926 ult
816 2873 924 2926 exercitu
936 2869 1173 2926 temulentum
1190 2870 1254 2926 illud
1266 2871 1335 2941 quod
1349 2870 1438 2941 sequi-
1523 2866 1590 2938 qrtod
1601 2868 1628 2921 in
1639 2866 1762 2922 lietdnnio
1775 2862 1966 2936 luitquomodo
1979 2877 2034 2918 nort
2042 2869 2174 2934 repupnet
2182 2859 2274 2922 lunai.

646 2973 700 3028 tur,
715 2962 766 3028 Qui
779 2962 805 3016 in
820 2960 970 3032 replenitur,
987 2977 1037 3015 non
1052 2963 1144 3016 intrent
1163 2963 1189 3016 iu
1203 2977 1270 3028 eom,
1285 2961 1390 3016 uidetur
1403 2960 1437 3016 ad
1522 2960 1565 3031 qui
1577 2976 1634 3014 cum
1650 2959 1711 3029 ipsis
1723 2965 1809 3012 namot
1819 2956 1867 3010 itoe
1876 2955 1943 3008 idern
1956 2967 2027 3024 quoe
2035 2953 2140 3022 suctum
2150 2951 2222 3008 ertia
2233 2949 2275 3006 lit·

645 3067 789 3122 congruam
806 3051 940 3122 pertinere
960 3050 1183 3116 admonitionem
1197 3061 1224 3106 et
1239 3060 1327 3122 potest
1342 3051 1438 3106 obser·
1525 3051 1621 3114 tirurtiu,
1634 3058 1658 3102 et
1670 3048 1743 3114 dicit,
1757 3049 1826 3102 Ante
1836 3060 1884 3100 sex
1895 3043 1955 3100 dios
1964 3043 2092 3100 Paueltm.

646 3143 714 3208 rari,
728 3153 757 3197 ut
769 3143 814 3213 qui
826 3152 900 3198 ettra
912 3152 974 3198 sunt
986 3159 1038 3199 non
1052 3143 1077 3197 in
1090 3158 1148 3198 eam
1162 3143 1279 3199 intrent:
1293 3144 1337 3216 qui
1349 3151 1438 3200 autom
1525 3141 1586 3198 1:52.
1609 3139 1735 3209 Sequitur
1746 3136 1884 3192 llnttlmus
1897 3153 1905 3190 z
1922 3135 1955 3190 Et
1966 3137 2070 3208 [netum
2087 3143 2139 3202 ert,
2150 3149 2210 3190 eun
2224 3149 2275 3188 eru·

646 3233 673 3289 ln
688 3233 776 3288 medio
789 3241 870 3298 sunt,
885 3232 1018 3303 quomodo
1031 3232 1187 3302 discedant,
1204 3235 1237 3288 ab
1252 3234 1371 3289 exercitu
1381 3234 1438 3302 jam
1489 3241 1635 3288 sunrmmset
1647 3228 1726 3286 lesus
1741 3245 1865 3284 santones
1877 3228 1924 3282 lior
1941 3243 2050 3294 omnes,
2071 3225 2142 3282 dixit
2160 3225 2277 3296 dauni·

647 3323 755 3379 civitate
768 3322 950 3379 circumdata!
964 3325 1005 3378 An
1025 3323 1075 3380 ltoc
1097 3331 1138 3378 ost
1155 3338 1214 3378 esso
1233 3323 1260 3378 in
1279 3323 1360 3377 medio
1372 3325 1439 3393 rjus,
1489 3323 1542 3376 stris
1555 3335 1565 3375 .·
1578 3319 1654 3375 Scitis
1666 3319 1726 3386 uuio
1738 3329 1792 3388 pout
1805 3316 1908 3371 biduum
1921 3313 2026 3370 Pascha
2036 3315 2097 3384 fiet,
2108 3321 2134 3370 et
2146 3313 2228 3370 Filias
2236 3313 2276 3368 ir·

647 3411 753 3480 otiando
763 3411 819 3482 jam
833 3411 868 3466 ita
881 3412 1026 3481 periculum
1041 3411 1155 3482 urgebit,
1171 3419 1200 3466 ut
1212 3410 1393 3481 temporaliter
1404 3410 1439 3466 ad
1490 3411 1564 3465 urinis
1575 3408 1686 3464 trudetur
1698 3418 1725 3462 ιιι
1738 3403 2018 3476 rmcifiputurllduttlr.
2033 3419 2114 3472 xxm,
2129 3403 2158 3470 1,
2171 3403 2212 3476 2).
2221 3401 2276 3460 due

556 3497 559 3502 '
649 3509 809 3572 promentem
823 3501 903 3556 uitam
918 3501 1041 3557 tuendam
1055 3517 1108 3557 non
1126 3501 1210 3570 possit
1223 3501 1313 3567 eradl;
1328 3509 1356 3556 ot
1373 3515 1440 3570 quo·
1491 3509 1648 3558 attestantur
1658 3499 1705 3555 ulii
1725 3499 1778 3554 dno
1797 3499 1901 3554 llareus
1919 3505 1947 3552 ot
1958 3495 2070 3564 Lucas,
2085 3497 2122 3552 ab
2134 3495 2275 3554 rodonuo

649 3591 720 3646 aiam
735 3599 797 3646 tune
809 3599 899 3660 parata
912 3589 990 3646 debet
1000 3605 1060 3647 esse
1072 3589 1160 3645 anima
1172 3605 1204 3646 ao
1216 3589 1309 3658 libera,
1322 3605 1372 3646 nee
1381 3605 1441 3647 ear·
1490 3593 1552 3648 dine
1568 3605 1620 3646 non
1632 3589 1789 3647 recedentes
1807 3587 1903 3661 (liure.
1915 3600 1973 3650 arr,
1996 3586 2023 3653 1,
2036 3595 2064 3642 et
2077 3585 2146 3642 Luc.
2166 3600 2233 3654 aun,
2243 3581 2276 3658 1).

650 3680 753 3736 nulibus
766 3680 904 3738 desideriis
916 3689 1043 3753 occupata
1056 3691 1084 3738 et
1092 3697 1230 3754 oppressa,
1245 3680 1296 3738 lroe
1309 3682 1441 3754 sigmimat
1489 3687 1582 3756 Neque
1595 3682 1646 3739 too
1658 3691 1781 3754 munuum
1792 3696 1808 3735 a
1821 3680 1932 3736 liontino
1946 3677 2050 3733 dietum
2067 3679 2223 3745 insinuem
2234 3675 2277 3734 itt

650 3769 722 3842 till0d
742 3769 777 3826 ab
798 3771 850 3827 illis
868 3770 971 3827 duobus
989 3771 1088 3826 ilicium
1112 3781 1163 3840 etl.
1181 3773 1208 3827 in
1228 3781 1301 3838 tecto,
1312 3772 1352 3828 vel
1365 3789 1442 3842 ttmer
1491 3777 1562 3834 euim
1575 3775 1697 3830 iutimare
1708 3771 1932 3844 pretermiserunt
1943 3787 1950 3822 ε
1962 3783 2057 3826 exsua
2069 3777 2164 3826 umen
2176 3779 2277 3840 pem

651 3870 740 3916 tectum
753 3877 762 3916 :
775 3870 805 3916 ut
816 3861 886 3931 quod
899 3861 949 3918 isto
959 3861 1005 3930 ait,
1018 3862 1158 3930 discedunt,
1172 3862 1197 3918 id
1210 3871 1251 3918 ost
1261 3877 1314 3919 non
1321 3863 1375 3934 jam
1390 3862 1440 3918 lu·
1491 3877 1519 3922 et
1532 3867 1637 3922 llareus
1653 3865 1728 3932 dicit,
1744 3863 1808 3918 lirul
1819 3871 1901 3916 ouem
1915 3859 2018 3916 Pusritu
2031 3871 2058 3916 et
2072 3851 2170 3934 ummo
2184 3857 2276 3934 pruffl-

650 3951 693 4022 ius
706 3953 767 4008 vitm
783 3951 914 4008 desiderio
932 3952 1078 4024 capiantur,
1098 3952 1145 4010 sed
1161 3953 1186 4009 ln
1201 3953 1280 4008 aliam
1297 3953 1377 4008 uitam
1391 3953 1442 4009 mi·
1492 3960 1588 4024 ιιιιιιιις
1607 3965 1634 4014 ot
1657 3956 1758 4021 lutens,
1782 3951 2006 4024 Appropinquuiut
2025 3961 2117 4008 nutem
2138 3951 2195 4008 dira
2213 3953 2279 4024 {abt

650 4058 729 4112 prore
741 4043 824 4114 parati
838 4043 904 4108 sint;
920 4043 972 4100 lroc
985 4043 1023 4098 illi
1037 4044 1091 4099 duo
1103 4045 1230 4112 dixerint,
1245 4061 1295 4100 nou
1309 4045 1442 4100 descendet
1492 4067 1638 4122 azymorum
1649 4090 1657 4116 ,
1670 4048 1713 4117 qui
1725 4047 1818 4102 dicitur
1831 4045 1940 4100 Perelio.
1951 4043 1998 4100 Sic
2007 4057 2077 4116 ergo
2089 4043 2278 4116 appropintp·

652 4131 740 4188 tollere
751 4132 847 4205 uliqrdd
861 4133 995 4200 dedomo,
1011 4135 1036 4190 id
1050 4144 1092 4190 est
1105 4135 1177 4190 nullo
1189 4135 1284 4192 allecto
1299 4135 1442 4192 inclinetur
1492 4145 1557 4208 ιιιι,
1572 4151 1601 4198 ιιι
1620 4150 1692 4198 mser
1713 4147 1772 4210 post
1789 4137 1918 4202 biduum,
1936 4135 2007 4191 sieut
2029 4136 2078 4192 alii
2097 4135 2157 4192 duo
2174 4133 2279 4208 aporii!

652 4223 679 4278 in
694 4239 802 4280 earnom
816 4233 941 4296 tanquam
959 4226 1058 4296 aliquid
1073 4225 1133 4281 inde
1150 4227 1282 4282 commodi
1300 4236 1442 4298 pereeptu-
1493 4239 1649 4289 consonant.
1662 4231 1778 4286 loannes
1791 4243 1854 4283 vero
1867 4227 1952 4282 triluu
1965 4225 2079 4297 uiridem
2093 4227 2164 4284 loeis
2174 4237 2279 4284 eumn·

652 4327 699 4368 rus
712 4331 719 4368 :
734 4323 760 4370 et
774 4315 845 4384 quod
859 4315 909 4370 iste
922 4317 969 4379 ait,
985 4315 1034 4380 Qui
1046 4316 1072 4370 in
1086 4317 1236 4388 replenitur,
1248 4335 1297 4372 uon
1310 4319 1401 4374 intrent
1415 4319 1443 4376 in
1493 4323 1606 4379 mororit
1619 4322 1739 4392 ejusdem
1752 4319 1804 4376 diei
1816 4318 1876 4375 iesti
1889 4317 2142 4389 propinquitatem,
2156 4333 2220 4374 eum
2234 4313 2280 4374 tlh

653 4418 718 4467 mm,
728 4402 753 4457 id
768 4412 818 4471 est,
833 4405 876 4474 qul
886 4405 941 4475 jum
953 4405 1121 4462 bonooonlis
1134 4408 1269 4478 pmposito
1282 4419 1356 4465 extra
1370 4410 1443 4467 illam
1493 4415 1613 4487 quemdam
1634 4413 1737 4470 duobus
1759 4410 1939 4481 superioribus
1958 4409 2025 4464 locis
2044 4419 2175 4468 immanet
2189 4405 2276 4466 :ruti

653 4489 714 4546 laeti
728 4501 800 4560 sunt,
817 4508 869 4549 non
886 4509 945 4549 eam
958 4511 1051 4552 rursus
1064 4497 1163 4554 carnali
1178 4498 1321 4568 eupiditate
1334 4500 1443 4557 deside·
1494 4516 1580 4563 autom
1595 4505 1654 4560 loeo
1672 4511 1781 4574 apparet
1801 4502 1858 4573 ejus
1879 4500 1997 4554 narratio
2017 4499 2092 4556 eirca
2111 4499 2173 4572 ipos
2191 4495 2278 4556 nunti

653 4590 733 4649 rent;
748 4581 798 4638 lroo
809 4583 845 4638 illi
857 4582 980 4652 dixerint,
998 4584 1030 4640 Ει
1042 4587 1086 4659 qui
1098 4587 1123 4641 in
1137 4605 1199 4660 apro
1212 4597 1258 4656 ert,
1272 4607 1322 4646 non
1336 4603 1445 4648 reuertu-
1495 4609 1630 4667 tempora.
1644 4596 1688 4651 ulii
1701 4595 1753 4650 ime
1765 4593 1845 4649 etiam
1860 4591 1896 4646 illi
1911 4598 1965 4645 tres
1977 4590 2124 4658 intimant,
2140 4589 2169 4646 id
2184 4597 2225 4646 eat
2237 4586 2278 4644 itt·

655 4683 698 4728 tur
709 4684 775 4729 retro
794 4675 882 4731 tollere
904 4677 1075 4732 uestimentum
1095 4695 1185 4744 suum,
1202 4687 1326 4752 tauquam
1347 4683 1443 4738 iterum
1494 4686 1633 4760 pendentis
1648 4685 1703 4755 jam
1715 4683 1855 4740 dominio-u
1868 4679 1998 4753 passionis
2010 4678 2107 4752 (loun.
2124 4697 2167 4752 at,
2180 4679 2225 4746 55.
2236 4689 2279 4744 ut

655 4763 753 4822 involvi
765 4769 837 4823 euris
851 4769 946 4838 quibus
958 4776 1016 4825 orat
1029 4771 1144 4826 exutus?
1496 4779 1523 4844 1,
1536 4789 1559 4831 et
1573 4793 1629 4840 aru,
1646 4775 1685 4845 ll.
2197 4781 2203 4790 '

691 4857 754 4912 151.
768 4855 844 4924 Quod
857 4873 921 4914 voro
931 4859 968 4914 ait
980 4858 1132 4928 Matthaeus,
1149 4861 1226 4916 (irate
1240 4871 1341 4932 autem,
1354 4874 1444 4922 utnon
1530 4869 1591 4925 153.
1600 4867 1652 4923 Sed
1667 4866 1718 4921 ltoc
1727 4864 1811 4921 rideri
1822 4869 1907 4934 pmtost
1918 4877 2012 4932 porum
2026 4861 2176 4934 diligenter
2186 4861 2279 4930 iatpn·

655 4946 701 5016 fiat
713 4949 774 5021 supe
787 4951 1006 5007 oeurolriemeoei
1017 4953 1137 5020 otiam
1150 4952 1211 5010 lriue
1224 4955 1328 5010 llarcus
1341 4965 1443 5027 partem
1496 4959 1566 5014 tibus
1590 4972 1650 5013 osse
1674 4955 1847 5018 eontrarium,
1872 4951 1943 5023 quod
1970 4950 2117 5008 llottlraeus
2139 4959 2171 5010 et
2188 4949 2279 5008 tiam

655 5036 731 5105 dltit,
746 5047 846 5110 partem
860 5043 940 5110 tacuit
956 5061 962 5096 :
979 5043 1056 5099 Orote
1069 5062 1140 5111 uero,
1152 5045 1248 5118 inquit,
1261 5058 1287 5103 ιιι
1302 5048 1445 5105 liemeuon
1495 5060 1665 5122 posteaquam
1684 5049 1808 5104 dixerunt
1828 5042 1929 5101 Paselm
1945 5051 2007 5113 post
2027 5041 2143 5100 biduum
2163 5041 2279 5108 tumn.

656 5127 729 5198 pont.
742 5130 827 5188 Lucas
839 5141 927 5188 autem
941 5134 991 5218 hoo
1001 5150 1053 5191 oon
1067 5135 1143 5206 dixit,
1157 5137 1205 5194 sed
1218 5147 1304 5195 minen
1318 5139 1384 5195 dixit
1395 5140 1443 5196 all·
1494 5143 1591 5200 detrude
1604 5146 1879 5198 commemoraverunt
1891 5133 1962 5206 qrrod
1980 5143 2039 5192 orat
2055 5133 2140 5192 iosus
2154 5135 2183 5192 in
2196 5131 2279 5192 Βώ-

655 5219 718 5291 quid
733 5222 825 5292 solus,
839 5241 891 5296 quo
912 5229 976 5283 mihi
996 5230 1116 5287 rideatur
1132 5232 1200 5289 lianc
1219 5234 1322 5305 ipsam,
1338 5251 1396 5307 qum
1409 5237 1445 5294 ab
1495 5235 1556 5300 nia,
1569 5233 1614 5289 ubi
1632 5231 1667 5287 de
1687 5237 1821 5300 uugrteuto
1841 5228 1886 5284 illo
1903 5225 2021 5297 pretioso
2036 5223 2139 5282 dieitur
2152 5241 2162 5284 ε
2175 5225 2279 5284 tuan

556 5325 558 5334 ·
656 5311 715 5367 istis
735 5312 847 5369 obscure
868 5318 953 5386 posita
971 5328 1029 5385 ost,
1046 5321 1192 5379 illustrasse
1212 5326 1369 5380 sententiam
1386 5328 1445 5382 :ait
1495 5335 1583 5382 arrtem
1601 5332 1663 5380 ante
1677 5322 1796 5379 setdies
1814 5319 1922 5376 l‘asclrm
1942 5317 2008 5373 dicit
2028 5315 2278 5378 lesumrenistoh

655 5403 738 5471 enim,
752 5403 878 5460 Attendite
896 5416 979 5461 nutem
994 5410 1125 5476 uolitare
1138 5417 1203 5484 [orte
1218 5425 1351 5484 proventui
1365 5418 1444 5472 cordo
1494 5415 1669 5480 Betltaniam,
1691 5413 1724 5469 de
1745 5420 1878 5482 unguento
1910 5407 2003 5464 eadem
2040 5422 2206 5468 rtamaturus
2223 5403 2280 5484 (ll-

655 5502 736 5550 omino
756 5495 783 5549 in
797 5495 916 5567 crepulo,
930 5505 955 5550 et
972 5497 1104 5567 ebrietate,
1120 5510 1143 5555 et
1164 5503 1404 5575 numulariorum,
1419 5517 1444 5562 et
1496 5524 1544 5577 au,
1555 5509 1595 5580 1).
1610 5504 1749 5574 Quomodo
1767 5500 1976 5574 emoseeundum
1993 5499 2057 5558 illos
2075 5499 2160 5570 (¹⁰⁰⁸.
2175 5507 2236 5574 Μ
2246 5497 2279 5554 5·

656 5587 849 5656 superueniott'n
863 5604 906 5644 ooo
919 5590 1048 5661 repentino
1061 5591 1171 5648 dierillo
1185 5605 1325 5666 :tunorium
1339 5598 1443 5670 laqueus
1495 5600 1576 5657 duum
1601 5599 1716 5654 iutumm
1743 5604 1802 5652 erat
1824 5591 1946 5658 Pasclm,
1968 5605 2032 5646 cum
2055 5587 2279 5666 posteaquanfl

656 5676 723 5738 enim
739 5678 892 5748 mpmeniet
904 5679 931 5733 in
943 5694 1027 5735 omnes
1036 5681 1078 5753 qui
1092 5680 1177 5737 udertt
1185 5700 1261 5757 super
1273 5687 1364 5756 {aciem
1377 5687 1444 5745 oriris
1495 5691 1639 5756 dixerunt,
1653 5687 1820 5744 inveniantur
1830 5699 1891 5740 eum
1909 5681 2012 5739 totone
2028 5681 2056 5738 in
2077 5683 2211 5742 mutua
2223 5677 2279 5740 ud

656 5773 737 5820 terroe.
758 5765 865 5839 l'ipilute
878 5770 980 5841 itaque,
997 5772 1066 5826 omrri
1080 5783 1190 5846 tempore
1200 5786 1315 5844 orontes,
1330 5788 1358 5833 st
1373 5779 1444 5852 dlpni
1494 5781 1529 5838 de
1542 5789 1675 5852 unguento
1693 5778 1764 5850 qrrrrd
1783 5778 1840 5847 ipse
1857 5781 2015 5838 namttlet·
2035 5781 2102 5832 ¹⁸¹¹!ss
2120 5785 2213 5834 illm
2229 5773 2280 5848 Ψ

657 5853 798 5909 lubeamini
813 5856 900 5930 supere
916 5859 965 5913 istu
979 5861 1063 5916 ornnio
1075 5879 1131 5934 quoe
1142 5869 1229 5936 [utura
1240 5876 1307 5922 sunt.
1324 5867 1386 5923 lime
1400 5869 1443 5923 in·
1494 5871 1634 5942 dicatpost
1646 5885 1694 5926 sex
1707 5869 1765 5926 dius
1778 5868 1893 5924 loturum
1906 5863 2030 5922 Pascltai
2043 5863 2100 5922 Sed
2117 5867 2166 5940 qui
2180 5867 2218 5924 ita
2228 5877 2279 5924 ΙΙ·

657 5942 783 6016 telligitur
794 5945 953 6020 iuga,quam
965 5949 1377 6028 llattlraeusoommemorat,qum
1389 5974 1442 6016 non
1494 5972 1589 6018 rentur
1609 5977 1662 6018 non
1685 5961 1835 6032 intelligunt
1853 5957 2006 6015 llattlruunr
2028 5965 2058 6016 ot
2080 5957 2205 6018 ldareutn
2223 5953 2281 6016 ιΉ

656 6033 735 6136 debet
749 6037 806 6094 lleri
817 6038 906 6097 hieme
916 6041 1087 6101 velsalobato.
1101 6045 1142 6102 dd
1155 6045 1269 6104 hiemen·
1281 6057 1368 6104 autom
1382 6065 1443 6120 per-
1496 6052 1567 6125 qrrod
1585 6054 1612 6110 in
1622 6052 1752 6122 ,muenia
1766 6052 1800 6109 de
1814 6058 1948 6122 unguento
1966 6047 2066 6106 laotmn
2081 6061 2145 6110 erat
2157 6051 2282 6126 aaa*

657 6133 743 6182 tinent
756 6142 827 6185 omae
841 6129 919 6202 huius
928 6131 1000 6199 vitu,
1012 6148 1078 6206 quas
1088 6136 1173 6196 Lucas
1184 6147 1275 6211 aperte
1289 6142 1375 6211 posuit
1388 6158 1397 6199 t
1408 6143 1443 6200 ad
1495 6144 1576 6202 lando
1589 6143 1727 6218 posuisse,
1743 6159 1796 6199 non
1810 6151 1871 6215 post
1888 6140 1961 6198 illam
1976 6139 2011 6198 de
2020 6139 2109 6200 biduo

657 6216 795 6280 sabbatum
802 6235 866 6280 roro
875 6224 981 6298 crapula
992 6233 1018 6284 ot
1027 6227 1149 6286 ebrietas.
1161 6230 1235 6289 curm
1247 6231 1342 6304 mrippe
1352 6235 1442 6296 tristes
1496 6252 1557 6292 nrm
1569 6251 1654 6305 suum,
1668 6234 1715 6293 sed
1729 6243 1791 6292 ante
1805 6235 1860 6306 jam
1874 6231 1971 6288 laetum
1983 6245 2046 6288 eum
2064 6139 2283 6310 adm

2245 6209 2248 6218 Ι
2266 6213 2270 6222 Ι

2205 6307 2208 6312 .
2245 6299 2257 6324 ¹:

2232 6325 2265 6348 ,ΓΙ
2281 6323 2290 6344 ¹.

2235 6353 2247 6361 .,,
2289 6347 2299 6356 ιι

2213 6373 2217 6380 ι
2273 6363 2282 6380 ὓ
