5709 7534
595 819 658 881 ..g
1049 817 1094 872 DE
1111 813 1234 873 comest
1253 816 1299 870 tto
1317 812 1508 885 otmense,
1527 817 1557 874 S.
1577 817 1761 877 abcdsttttt
1800 895 1810 906 ..
2188 821 2240 881 288

610 931 678 1007 geue
693 948 720 988 ,ιι
742 946 791 989 usu
812 926 935 1001 loquendi
951 925 1106 1000 quotidiano
1125 925 1202 984 lacile
1220 921 1395 982 animaduerti
1450 925 1636 998 deqttoetiatu
1648 903 1822 987 leminals‘dm
1833 929 1952 989 usellen
1964 931 2036 990 calm
2048 911 2133 989 multa
2144 948 2239 1005 gceers

608 1034 703 1095 pomp,
1451 1015 1600 1087 botninutn,
1614 1019 1681 1076 sicut
1694 1020 1847 1087 ltcrbarum,
1862 1020 2004 1093 lignorum,
2020 1021 2154 1094 nudum,
2169 1025 2240 1080 tola·

610 1113 725 1172 CAPUT
752 1111 809 1167 llll.
835 1141 870 1153 -
891 1111 959 1177 Quid
983 1109 1128 1168 seeundum
1151 1123 1252 1181 genus,
1274 1108 1342 1177 quud
1367 1107 1398 1161 de
1452 1108 2241 1183 tilium,scrqtcntium‚pecomm,bestiarum:utsicdietum

689 1204 840 1272 quibusdam
854 1203 993 1268 menteris,
1007 1218 1058 1257 uon
1070 1201 1102 1257 dc
1115 1202 1215 1256 lrotnitte
1230 1202 1332 1254 dicitur.
1451 1199 1621 1267 accipiamus.
1633 1199 1770 1256 secundnm
1778 1201 1935 1273 permees}
1943 1201 2079 1270 diceretur
2085 1204 2240 1274 generatim,

644 1295 687 1351 ld.
708 1293 766 1349 Non
790 1296 887 1349 trustra
907 1295 987 1350 ctiam
1008 1293 1134 1349 lectorem
1160 1301 1248 1347 movet
1276 1299 1399 1345 utttnnne
1452 1296 1482 1342 ut
1495 1288 1605 1344 intersc
1618 1290 1714 1346 similia
1729 1299 1808 1361 atque
1829 1291 1863 1347 ad
1884 1306 1965 1348 unam
1982 1291 2115 1364 originem
2135 1293 2242 1349 seminis

608 1387 707 1456 passim
721 1395 749 1441 et
760 1385 835 1455 qnasi
851 1384 960 1442 iortuito
969 1400 1003 1439 an
1020 1384 1108 1453 aliqua
1122 1381 1224 1437 ratione
1235 1381 1347 1445 dicatur,
1360 1397 1399 1434 se·
1453 1378 1611 1448 pertinentia
1623 1379 1847 1451 distinguerentur
1858 1395 1873 1435 a
1886 1380 2002 1438 caeteris.

608 1476 721 1530 munt
734 1491 823 1548 penes,
839 1484 963 1545 tauquam
975 1472 1074 1530 luerint
1086 1482 1113 1529 et
1126 1481 1221 1539 antea,
1239 1486 1299 1525 eum
1314 1470 1400 1541 primo
1453 1467 1566 1524 catur
1584 1468 1850 1525 xiil-Benedictio
1868 1487 1914 1526 esc
1933 1471 1995 1528 solis
2010 1472 2165 1542 eqmtilibtts
2182 1474 2244 1530 sicu

607 1576 852 1624 madescentes
865 1567 872 1598 ¹
888 1583 895 1619 ε
909 1580 943 1620 an
961 1579 1046 1636 gertus
1061 1579 1153 1620 eornm
1171 1563 1199 1617 ιιι
1220 1560 1401 1631 superioribus
1588 1560 1683 1615 itontini
1698 1562 1834 1632 impertito.
1849 1560 1964 1634 Obiciunt
1977 1562 2109 1636 gignendi.

608 1657 757 1713 rationibus
769 1656 967 1725 intelligendum
982 1666 1033 1721 est,
1049 1657 1139 1725 utiqtte
1152 1651 1343 1723 spiritualibus,
1358 1667 1401 1707 se·
1489 1651 1538 1707 et.
1560 1650 1624 1708 item
1638 1653 1765 1725 queritur
1778 1654 1841 1726 quid
1860 1664 1961 1710 etntum
1975 1671 2106 1727 aquarum
2123 1656 2244 1712 animalis

609 1749 726 1805 eundum
742 1763 808 1818 quas
821 1755 946 1802 creantur
959 1746 1079 1802 iniurius.
1095 1746 1147 1800 Sed
1162 1746 1184 1800 si
1202 1746 1237 1799 ita
1252 1752 1334 1809 esset,
1350 1743 1401 1801 ltoc
1455 1741 1489 1798 de
1502 1742 1629 1799 creatore
1641 1745 1801 1812 meruerint,
1815 1752 1844 1800 ut
1859 1745 1915 1800 sola
1929 1745 2165 1811 benedicerentur,
2181 1747 2246 1804 sicut

609 1837 645 1896 de
655 1839 728 1903 tuce,
746 1838 797 1893 ιω
806 1835 840 1893 de
854 1837 940 1902 emto,
953 1837 1004 1893 hoe
1015 1835 1050 1892 de
1061 1836 1137 1907 aquis
1154 1845 1180 1891 et
1194 1837 1285 1900 terris,
1303 1834 1353 1891 ltoc
1367 1834 1401 1891 de
1455 1829 1586 1886 homines.
1597 1831 1663 1888 llam
1674 1841 1701 1888 et
1712 1833 1767 1905 ipsu
1778 1833 1912 1890 benedixit
1923 1833 2004 1902 ileos,
2013 1835 2127 1892 dicens:
2140 1823 2246 1892 crescite

610 1929 672 1986 cecil
693 1926 866 1983 luminaribus
883 1927 1027 1983 diceretur.
1047 1926 1115 1993 outo
1139 1926 1210 1981 enim
1234 1941 1326 1981 eornm
1348 1932 1399 1988 est,
1454 1931 1479 1977 ei
1493 1921 1751 1995 ntsltipiicuntini,et
1771 1925 1873 1996 implete
1890 1943 1970 1998 uqttos
1990 1927 2085 1994 meru,
2101 1936 2125 1982 et
2137 1928 2246 1983 mtutiiio

610 2019 687 2089 cttjus
703 2033 756 2073 rtott
767 2030 867 2074 aeterna
880 2027 908 2074 ct
920 2016 1143 2073 iucommutabilis
1162 2018 1229 2071 ratio
1247 2017 1273 2072 ιιι
1286 2017 1342 2085 ipsa
1354 2013 1402 2070 oet
1456 2013 1652 2083 multiplicentur
1669 2031 1745 2085 snper
1765 2024 1866 2070 terram
1882 2013 1923 2070 dn
1939 2016 1965 2071 itt
1980 2032 2034 2072 uuo
2053 2025 2186 2074 creatura)
2199 2032 2246 2090 gc·

610 2109 744 2181 Sapientia
758 2109 860 2179 rigeat,
874 2123 933 2179 quaa
950 2108 1054 2180 attingit
1067 2123 1083 2162 a
1096 2108 1148 2162 line
1162 2122 1246 2179 usque
1265 2106 1298 2161 ad
1321 2105 1400 2160 ssnem
1457 2117 1521 2158 nere
1534 2101 1675 2160 dicendum
1690 2102 1749 2172 luit,
1764 2113 1793 2159 ut
1807 2105 1833 2160 iu
1845 2104 1950 2161 ceteris
1962 2117 2160 2176 cousequenter
2171 2107 2245 2164 utet·

611 2195 725 2263 ittrtiter,
740 2205 767 2254 et
777 2197 894 2269 disponit
904 2197 993 2255 onmia
1003 2197 1138 2253 suaviter?
1149 2197 1226 2270 (Sep.
1237 2212 1295 2261 vttt,
1312 2197 1350 2267 l.)
1360 2193 1403 2251 ln·
1456 2191 1591 2262 ligerctur,
1614 2208 1673 2263 qum
1694 2193 1907 2266 generationibus
1929 2194 2076 2251 crescunt?
2090 2193 2169 2252 Prius
2184 2209 2246 2266 ctgo

613 2287 679 2358 cipit
691 2296 779 2342 autem
791 2285 842 2343 boe
856 2285 907 2341 diei
917 2285 951 2342 de
961 2286 1050 2343 herbis
1062 2295 1089 2341 et
1100 2285 1189 2357 lignis,
1204 2283 1331 2356 usquead
1344 2284 1402 2339 bec
1456 2280 1590 2338 diceretur
1610 2282 1636 2338 itt
1658 2299 1691 2340 eo
1712 2284 1782 2355 quod
1806 2284 1920 2354 primum
1939 2285 1991 2341 tale
2004 2294 2125 2342 creatum
2145 2293 2206 2352 cst,
2220 2287 2246 2343 iu

612 2386 718 2433 terrena
727 2376 881 2431 animantia.
896 2375 961 2432 liam
975 2384 1002 2432 et
1015 2376 1041 2431 ιιι
1056 2376 1095 2432 eis
1109 2391 1168 2446 qne,
1181 2391 1213 2431 es
1225 2373 1302 2445 aquis
1312 2382 1401 2428 ereata
1456 2370 1540 2428 berba
1555 2371 1658 2428 seilicet
1671 2381 1751 2444 atquc
1764 2373 1844 2444 ligno.
1860 2372 1902 2428 dn
1916 2373 1985 2430 torte
2002 2389 2062 2445 quse
2081 2374 2185 2448 nullum
2203 2374 2248 2430 lta·

611 2476 682 2535 sunt,
694 2468 814 2538 quamvis
823 2467 850 2522 ιιι
869 2467 954 2539 prima
969 2465 1223 2523 commemoratione
1235 2466 1335 2520 dictum
1350 2481 1403 2520 non
1456 2461 1551 2518 berent
1563 2462 1740 2536 propagandae
1753 2463 1834 2534 pretiis
1847 2463 1981 2532 allectum,
1993 2479 2024 2521 ac
2033 2465 2093 2523 sine
2103 2465 2246 2524 utloseusu

613 2559 649 2615 sit
660 2576 668 2624 ;
681 2559 763 2615 inilia
779 2570 868 2615 tamen
882 2558 1022 2615 iteratione
1034 2557 1133 2612 dietum
1149 2565 1204 2616 est.
1221 2554 1255 2610 Et
1265 2555 1324 2628 [ecit
1336 2554 1403 2609 liena
1457 2563 1626 2623 generarent,
1642 2553 1749 2625 indigna
1763 2553 1891 2624 judicarit
1909 2554 1961 2610 illis
1980 2553 2176 2612 benedictionis
2189 2571 2247 2611 ver·

611 2659 678 2706 cetos
693 2666 797 2721 mogttos
814 2658 839 2704 et
857 2664 956 2704 omnem
972 2649 1084 2702 cerintum
1101 2646 1248 2701 onimulittnt
1265 2644 1400 2715 reptilium,
1456 2642 1506 2706 bis,
1524 2641 1632 2697 Crescite
1644 2651 1668 2697 et
1680 2643 1883 2715 nsnltipiieumini
1896 2659 1905 2699 .·
1919 2643 1963 2699 ubl
1976 2653 2065 2700 autem
2077 2641 2246 2702 ettis'ittcssu

612 2755 670 2811 que
687 2738 825 2794 eduxerunt
838 2755 911 2809 oque
926 2738 1064 2794 urendam
1082 2753 1159 2810 pertus
1170 2752 1274 2801 corutn,·
1289 2744 1312 2789 et
1331 2749 1405 2789 omne
1456 2731 1577 2796 allectus,
1592 2731 1628 2785 ibi
1643 2731 1757 2802 primunt
1773 2731 1824 2788 ltoc
1837 2732 1914 2800 dixit,
1930 2741 1960 2788 ut
1978 2732 2005 2788 in
2019 2733 2135 2790 terrenis
2145 2733 2245 2789 aminta-

613 2828 714 2884 scintile
725 2836 862 2898 ιιιιιιιιιιιιι
874 2828 1010 2882 secundum
1022 2843 1110 2900 penus.
1457 2820 1526 2876 libus
1544 2821 1625 2875 ctiam
1647 2836 1699 2876 nott
1715 2818 1816 2877 dictum
1836 2819 2050 2895 intelligeretur?
2062 2821 2246 2880 Necessarium

647 2921 692 2977 te.
712 2921 753 2977 Au
768 2922 829 2992 quia
842 2920 899 2975 baec
909 2919 945 2975 ita
955 2926 1047 2974 esorta
1059 2925 1131 2981 sunt,
1144 2926 1173 2972 ut
1186 2931 1220 2971 ex
1232 2915 1271 2972 eis
1283 2914 1333 2970 alia
1344 2927 1406 2969 nas·
1456 2919 1544 2967 antent
1556 2910 1604 2967 luit
1616 2912 1668 2968 boc
1680 2913 1707 2969 ln
1718 2913 1826 2970 ltomiue
1838 2922 1971 2985 repetere,
1985 2915 2171 2987 nequisquam
2183 2914 2250 2972 dice

613 3020 748 3075 cesctttur,
763 3019 791 3067 et
808 3009 918 3083 originis
936 3010 1047 3066 iorntatn
1064 3008 1234 3065 successione
1256 3012 1403 3072 seruarent,
1457 3012 1499 3060 ret
1508 3005 1534 3060 in
1548 3003 1638 3060 oilleio
1649 3003 1774 3076 gignendi
1789 3003 1859 3060 dlios
1872 3003 2025 3062 ullttmcssc
2038 3005 2244 3076 peecatum,si·

612 3101 674 3162 idco
686 3103 811 3161 dicuntur
820 3102 957 3158 seeundum
967 3117 1056 3173 penus,
1069 3109 1178 3172 propter
1188 3098 1404 3169 propagationem
1458 3101 1504 3151 cut
1515 3103 1558 3151 est
1570 3093 1596 3150 ltt
1607 3092 1729 3161 libidine,
1742 3095 1801 3150 sire
1812 3094 1969 3165 lorttleandi,
1982 3094 2040 3152 slve
2057 3094 2117 3170 ipso
2127 3095 2249 3170 coniugio

612 3195 706 3264 prolis,
718 3209 769 3266 qua
785 3208 957 3265 permansura
974 3190 1152 3247 ereabnunrt
1164 3189 1217 3244 Sed
1230 3204 1279 3243 cur
1293 3186 1327 3244 de
1341 3188 1404 3242 iter·
1458 3185 1657 3241 immoderatius
1671 3184 1808 3240 abutendi.

614 3283 695 3340 biset
714 3284 793 3354 lignis
807 3298 860 3338 uon
877 3283 963 3336 solum
983 3280 1089 3346 dieitur,
1105 3279 1243 3334 meudun
1256 3293 1344 3350 genes,
1357 3292 1404 3331 te·

612 3388 672 3431 mm
690 3372 771 3429 ctiam
791 3370 929 3426 secttudttm
945 3367 1150 3432 multititudinem,
1165 3381 1226 3421 eum
1241 3374 1268 3421 et
1280 3365 1405 3420 animalia

612 3462 671 3518 slrc
682 3474 810 3530 aquarum
829 3459 885 3514 site
900 3467 1031 3513 terrarum
1045 3456 1190 3513 seeundum
1205 3455 1404 3512 similitudinem

613 3565 689 3605 suam
702 3548 852 3620 generent?
866 3549 918 3614 dn,
937 3547 998 3617 quia
1012 3561 1096 3617 genus
1110 3547 1229 3617 seqnitur
1242 3545 1404 3613 similitudo,

614 3641 700 3696 uoluit
711 3655 769 3695 cant
780 3638 878 3710 ubique
891 3639 1032 3709 repetere?
1043 3638 1108 3693 llam
1125 3646 1153 3693 ct
1169 3652 1260 3694 semen
1275 3652 1328 3693 nott
1346 3637 1405 3693 ubi-

611 3743 666 3801 que
680 3729 819 3799 repetlrit;
832 3743 893 3784 mun
907 3736 960 3782 mm
980 3728 1069 3783 lterbis
1087 3737 1114 3783 et
1128 3727 1207 3798 lignis
1223 3728 1303 3794 insit,
1326 3743 1404 3798 quatu

612 3821 783 3888 animalibus,
796 3820 846 3876 etsi
867 3835 920 3876 non
935 3820 1068 3876 erunibus.
1080 3818 1255 3877 Observatum
1277 3830 1317 3876 est
1334 3820 1404 3875 enim

612 3911 735 3984 quedam
756 3910 792 3966 lta
814 3910 887 3967 nasei
906 3925 939 3967 es
960 3910 1035 3982 aquis
1053 3910 1094 3967 tei
1114 3918 1194 3975 terra,
1209 3919 1239 3965 ut
1262 3925 1343 3967 serus
1365 3910 1405 3966 eis

614 4002 702 4059 esitus
711 4002 763 4070 sit;
776 4010 803 4059 et
815 4002 876 4059 idco
885 4017 977 4059 semen
989 4017 1083 4058 comm
1095 4018 1147 4058 non
1163 4003 1198 4058 sit
1211 4004 1236 4057 in
1252 4002 1302 4071 eis,
1317 4001 1364 4058 sed
1377 4003 1404 4058 is

590 4159 598 4168 ,
614 4093 755 4152 clementis
764 4108 798 4150 ex
807 4093 903 4164 quibus
914 4093 1045 4150 oriuntur.
1059 4092 1115 4148 lloc
1130 4099 1172 4147 est
1190 4092 1405 4163 ergosecundum

618 4199 714 4255 mss,
727 4184 771 4241 ubl
786 4192 814 4240 et
832 4185 966 4241 seminum
984 4184 1024 4240 sis
1044 4191 1073 4239 ct
1090 4183 1238 4238 similitudo
1251 4183 1406 4256 intelligitur

614 4276 814 4331 mecedemlum
838 4274 1067 4341 decedentibus⁸;
1085 4276 1146 4346 quia
1169 4275 1235 4330 niltil
1253 4290 1345 4331 eorum
1369 4275 1405 4332 ita

613 4374 733 4439 creatum
752 4372 811 4431 est,
827 4374 855 4420 ιιι
873 4367 956 4422 semel
970 4367 1112 4433 existeret,
1128 4367 1170 4422 tei
1184 4382 1410 4439 permansurum,

613 4453 657 4511 ecl
670 4453 744 4510 nullo
758 4454 919 4511 sucoedente
932 4454 1115 4511 decessurum.

648 4544 695 4601 ιι).
714 4543 768 4600 cur
779 4560 844 4617 crgo
857 4545 928 4602 etde
940 4545 1049 4604 bomine
1062 4561 1114 4602 non
1125 4548 1160 4602 ita
1175 4546 1274 4603 dictutn
1284 4555 1335 4614 est,
1352 4545 1406 4602 Fa·

613 4634 716 4694 ciamus
729 4636 864 4693 bominem
883 4637 916 4693 ad
928 4637 1073 4709 imaginem
1092 4645 1119 4693 et
1137 4637 1336 4695 similitudinem
1359 4653 1406 4694 no·

613 4734 708 4791 uram,
730 4727 876 4783 secundum
896 4742 1001 4799 genus,
1026 4743 1086 4784 eum
1108 4736 1135 4784 et
1154 4728 1269 4783 hontinis
1289 4743 1406 4800 propago

615 4819 753 4876 manifesta
763 4820 818 4876 siti
830 4821 871 4877 dn
882 4821 942 4891 quia
955 4835 1009 4876 non
1023 4820 1057 4875 ita
1072 4820 1143 4876 bons
1157 4819 1257 4876 iecerat
1270 4817 1405 4875 ltontittem

615 4915 646 4964 ut
656 4918 815 4975 moreretur,
829 4910 852 4966 si
866 4919 1027 4982 preceptum
1041 4925 1148 4965 serrare
1158 4909 1294 4973 coluisset,
1307 4919 1332 4966 et
1346 4910 1406 4966 ideo

616 5012 669 5054 non
687 5008 746 5053 erat
763 5001 929 5056 necessarius
947 5001 1082 5057 decessmi
1102 5016 1243 5058 successor
1260 5020 1267 5057 t
1283 5002 1330 5058 sed
1346 5011 1406 5073 pust

616 5094 753 5157 peceatum
767 5098 935 5159 comparatus
947 5098 990 5146 est
1001 5091 1142 5161 pecoribus
1156 5092 1314 5156 insensatis,
1326 5102 1353 5148 et
1366 5094 1405 5148 si·

1545 3273 1658 3331 cted'r
1677 3273 1746 3330 xlv.
1759 3303 1797 3317 -
1808 3272 1847 3329 lle
1862 3274 2012 3330 insectorum
2023 3255 2161 3334 eeitloue.

1491 3365 1538 3421 22.
1552 3364 1683 3421 Nonnulla
1694 3366 1774 3420 etlam
1784 3364 1818 3421 de
1827 3364 1984 3436 quibusdam
1996 3363 2185 3422 minutissimis
2196 3365 2252 3421 sni·

1458 3455 1571 3511 malibus
1579 3455 1692 3526 questio
1704 3463 1763 3520 est,
1777 3464 1867 3510 utrnm
1881 3455 1907 3510 ιιι
1921 3454 2014 3526 primis
2032 3469 2123 3511 rerum
2135 3455 2144 3488 ¹
2160 3453 2252 3512 coodt·

1459 3547 1574 3602 tiosiltus
1595 3557 1684 3602 ereata
1708 3546 1778 3611 sint,
1803 3561 1837 3600 an
1859 3561 1892 3601 es
1916 3547 2142 3618 consequentibus
2163 3563 2252 3606 rerum

1459 3637 1609 3691 mortalium
1630 3636 1863 3707 corruptionibus?
1882 3635 1948 3691 Natu
1964 3636 2091 3710 pleraque
2103 3652 2198 3696 comte
2210 3647 2253 3694 sut

1458 3724 1626 3782 derisorum
1640 3740 1781 3796 corporum
1796 3726 1875 3793 titiis,
1891 3726 1931 3782 t'el
1945 3727 2135 3799 purgamentis,
2150 3727 2195 3785 sci
2208 3743 2253 3784 es·

1459 3817 1637 3875 balationibus
1651 3825 1698 3873 ant
1711 3817 1869 3873 eadurertnu
1885 3817 1945 3874 tabe
1958 3818 2119 3890 gignuntur;
2132 3817 2252 3890 quadam

1458 3909 1538 3964 etiam
1553 3908 1587 3964 de
1599 3909 1770 3979 corruptione
1784 3909 1915 3981 lignorum
1927 3917 1955 3966 et
1965 3907 2118 3979 ltcrbamnt,
2132 3909 2252 3985 quedam

1459 4005 1493 4062 de
1511 4005 1727 4077 corruptionibus
1749 4004 1885 4063 lructunm
1903 4022 1911 4060 ε
1929 4020 2040 4077 quorum
2061 4006 2182 4062 onmium
2201 4021 2253 4062 nott

1458 4113 1599 4171 possumus
1622 4107 1695 4154 reete
1716 4098 1806 4154 dicero
1827 4097 1910 4153 ileum
1932 4112 1986 4152 nott
2010 4111 2071 4154 esse
2093 4107 2251 4168 creatorem.

1458 4189 1530 4245 inest
1544 4187 1614 4244 enitn
1630 4187 1753 4244 omnibus
1767 4186 1900 4259 quoddam
1916 4195 2018 4243 nature
2031 4188 2072 4244 sui
2086 4188 2194 4261 gesseris
2204 4175 2253 4246 dc·

1458 4295 1523 4349 cus,
1543 4281 1581 4336 sic
1597 4289 1626 4336 ut
1643 4281 1669 4336 in
1687 4277 1729 4335 itis
1743 4279 1829 4349 major
1843 4280 1878 4334 sit
1887 4273 2032 4335 ¹admiratio
2045 4277 2116 4336 benc
2129 4279 2253 4337 eoosidc-

1458 4374 1560 4442 rantis,
1583 4381 1612 4429 et
1632 4371 1691 4428 laus
1715 4370 1823 4427 uberior
1846 4371 2035 4441 omnipotentis
2055 4367 2184 4440 artideis3
2208 4371 2253 4444 qui

1458 4464 1546 4520 omnia
1567 4463 1593 4517 in
1613 4461 1743 4533 sapientia
1764 4459 1828 4517 lecit
1849 4458 1934 4534 (Prot.
1947 4475 2008 4528 ent,
2021 4457 2082 4533 ιι),
2098 4475 2186 4534 quaes
2201 4461 2254 4517 llttc

1459 4567 1543 4624 usqne
1555 4552 1589 4607 ad
1603 4552 1683 4607 linem
1699 4550 1870 4621 pertendens,
1885 4558 1913 4605 et
1925 4549 2044 4605 suaviter
2057 4557 2152 4606 cuneta
2165 4549 2253 4624 dispo-

1460 4657 1526 4700 nens
1540 4642 1618 4713 (Sep.
1631 4658 1689 4710 unt,
1700 4639 1742 4714 l),
1757 4655 1806 4696 nee
1816 4656 1847 4696 ea
1859 4642 1914 4711 ipsa
1927 4656 2016 4696 rerum
2027 4636 2183 4710 norissima,
2195 4657 2253 4713 qne

1460 4748 1508 4805 pru
1521 4734 1562 4789 sul
1575 4734 1681 4805 generis
1692 4731 1786 4788 ordine
1798 4730 1988 4798 dissoluuntur,
2003 4741 2030 4787 et
2042 4745 2157 4803 quarum
2170 4732 2254 4790 disso-

1458 4825 1587 4881 lutionem
1612 4839 1646 4881 ex
1674 4839 1753 4895 pena
1778 4832 1877 4879 nostre
1902 4823 2071 4879 mortalitatis
2097 4824 2253 4894 itorrcmus,

1459 4918 1586 4989 relinquit
1604 4915 1728 4972 iniormia
1743 4934 1749 4968 :
1764 4915 1810 4972 sed
1826 4923 1900 4970 creat
1913 4915 2020 4970 minima
2032 4929 2163 4988 corpore,
2177 4925 2254 4974 muts

1459 5022 1557 5076 sensu,
1575 5008 1737 5074 animantia,
1758 5016 1787 5061 ut
1808 5005 1910 5075 majore
1931 5005 2078 5061 attentione
2099 5015 2254 5078 stupcsmtts

1458 5099 1601 5170 agilitatem
1623 5105 1724 5154 ntuseu
1741 5096 1872 5166 solantis,
1887 5113 1966 5169 quam
1980 5097 2194 5172 magnitudinem
2208 5097 2253 5171 iu-

616 5177 687 5236 miils
700 5176 784 5234 lactus
795 5181 886 5236 osteis
899 5180 985 5253 (Psoi.
999 5197 1089 5246 ιιιιιι,
1105 5183 1167 5252 lom
1182 5190 1211 5238 ut
1222 5183 1277 5253 jam
1293 5182 1339 5237 lilii
1352 5198 1406 5239 sse*

615 5269 668 5327 cttli
681 5266 758 5338 lthus
769 5278 898 5340 generent
912 5280 940 5326 et
951 5280 1122 5343 generentur,
1135 5286 1189 5342 quo
1203 5272 1287 5342 possit
1303 5280 1405 5328 motta·
1459 5277 1592 5342 cularum,
1609 5291 1688 5348 quam
1703 5291 1784 5333 otrera
1797 5277 1968 5333 camelomm.

618 5358 683 5414 llum
696 5372 779 5429 genus
792 5368 896 5415 serrata
909 5362 1080 5416 successione
1093 5360 1258 5417 subsisteret
1269 5360 1338 5430 Quid
1355 5363 1406 5418 sibi
1494 5367 1539 5424 ιι.
1559 5366 1715 5423 Sedunum
1731 5367 1757 5422 in
1772 5366 1879 5437 primis,
1891 5379 1920 5423 ut
1933 5366 2003 5434 disi,
2017 5381 2108 5424 rernm
2123 5367 2254 5426 coaditio-

617 5465 683 5522 crgo
696 5450 753 5505 suit
765 5459 824 5521 post
832 5450 1073 5508 bominemlaetum
1081 5451 1124 5507 illa
1132 5451 1291 5518 benedictio,
1299 5452 1407 5509 Crescite
1460 5458 1551 5524 nibus,
1565 5473 1626 5529 que
1640 5459 1692 5514 isto
1706 5473 1752 5513 sex
1765 5459 1867 5514 dierum
1880 5458 1975 5515 ordine
1989 5468 2087 5515 create
2099 5469 2252 5528 ttarrantur,

618 5550 643 5598 et
658 5540 863 5613 uetopttcauunt
872 5584 881 5610 ,
894 5551 919 5597 et
929 5543 1032 5616 implete
1044 5553 1151 5610 terrem·
1163 5544 1234 5620 quod
1246 5546 1337 5617 utique
1349 5546 1405 5602 lieri
1461 5544 1518 5602 lutee
1539 5562 1644 5617 qnoque
1665 5547 1773 5602 tnlnima
1795 5548 1914 5604 instituta
1933 5547 2089 5619 credamus,
2105 5565 2141 5606 su
2158 5559 2252 5624 postca

531 5699 533 5703 Ι
618 5632 943 5703 possetgestcraodoidn
964 5634 1029 5690 nibli
1051 5636 1114 5692 idne
1129 5644 1231 5693 temere
1246 5636 1404 5705 dicendum,
1459 5635 1904 5712 consequentibuscorruptibilium
1914 5653 2055 5711 corporum
2064 5639 2254 5712 solutionibus,

617 5722 704 5779 donce
712 5721 746 5778 sd
758 5737 820 5779 eum
829 5721 974 5794 Scriptura
985 5724 1071 5781 locum
1082 5725 1276 5797 perveniamus,
1289 5729 1333 5784 ubi
1347 5729 1407 5785 dili·
1460 5727 1511 5784 boc
1524 5728 1661 5800 queritur.
1682 5727 1715 5783 Et
1729 5739 1816 5800 potest
1828 5729 1935 5801 quidem
1948 5730 2002 5788 dici
2018 5746 2051 5787 ea
2063 5732 2253 5802 minutissima,

1459 5188 1541 5243 menti
1561 5187 1723 5260 gradientis,
1738 5187 1905 5259 ampliusque
1923 5187 2052 5243 miremur
2063 5201 2146 5260 opem
2161 5186 2253 5246 lorntl·

617 5814 723 5884 gcntius
739 5814 789 5871 ista
801 5815 959 5887 requirenda
971 5825 1051 5888 atque
1064 5819 1199 5874 tractanda
1217 5822 1300 5877 eunti
1314 5823 1407 5880 Potest
1460 5832 1520 5889 (ιιι)
1532 5834 1566 5874 ⁰¹
1578 5818 1707 5889 11111ῑ1111
1720 5819 1797 5875 imis
1811 5820 1942 5890 0111111111,
1958 5830 2020 5879 111111
2030 5831 2122 5906 111111,
2135 5823 2185 5880 1ῑ11
2195 5823 2253 5898 ‘illi‘

617 5904 690 5959 enlm
706 5921 777 5963 nune
797 5905 912 5963 temese
930 5906 1063 5974 suillocre,
1082 5919 1222 5981 propterea
1245 5911 1279 5970 de
1297 5914 1406 5974 ltomlne
1459 5911 1509 5968 bus
1520 5911 1599 5968 etiam
1613 5912 1658 5967 illa
1671 5927 1723 5968 nott
1735 5911 1850 5969 absurde
1862 5912 2054 5986 intelliguntur,
2066 5929 2128 5988 quat
2139 5929 2254 5972 nasmn·

618 5992 785 6052 mediatum
796 6011 875 6066 esse,
888 5998 1133 6071 mendsmgmtts,
1147 6001 1208 6072 quia
1223 6019 1291 6061 unus
1310 6004 1404 6075 debat,
1459 6012 1503 6060 tur
1520 6018 1552 6059 ex
1575 6002 1607 6059 lis
1626 6017 1686 6075 quae
1708 6001 1777 6059 terra
1796 6004 1962 6075 germinante
1980 6013 2039 6061 orta
2054 6013 2135 6072 seat:
2149 6003 2252 6078 etquis

648 6124 1281 6196 'mnbutmsetoqrimuetettss.,nttrrermtur.

647 6182 722 6235 sm
734 6188 861 6254 um
871 6191 1047 6249 mmm
1055 6193 1280 6272 ‘cucumim
1491 6139 1499 6170 ¹
1523 6143 1596 6199 lun,
1622 6149 1705 6190 sermm
1722 6134 1867 6193 uersutus
1884 6138 1958 6218 Abest
1985 6133 2121 6190 ntmleis'mn
2142 6137 2175 6190 ab
2197 6133 2252 6190 effi

1458 6197 1536 6251 libre·
