5709 7534
627 849 678 909 ser
1309 840 1410 904 „tuen
1430 839 1591 906 aucturus:
2214 869 2266 927 ρ,

627 977 689 1030 nar,
704 971 732 1019 et
748 978 795 1035 per
811 963 916 1021 oculum
929 962 1033 1021 ridenti
1045 962 1229 1035 ltaloquimur
1242 970 1340 1017 etcum
1354 958 1421 1014 diei·
1474 962 1595 1030 corporis
1608 962 1649 1019 sel
1663 965 1744 1023 autimi
1764 969 1787 1025 si
1805 972 1904 1030 ueritas
1917 983 1944 1032 et
1964 987 2074 1051 aquitae
2094 995 2264 1054 oppugnare·

626 1053 799 1121 masliacus
814 1065 857 1111 tua
870 1056 995 1112 subvenit
1010 1054 1111 1109 trontini
1120 1071 1128 1119 ;
1138 1069 1199 1109 cuna
1213 1052 1311 1122 altrprid
1326 1065 1420 1122 porte·
1474 1050 1526 1119 fils
1540 1053 1636 1124 (lilim
1656 1069 1768 1129 diffisum
1779 1063 1879 1119 uiribus
1893 1066 2024 1126 dicimini
2039 1082 2119 1144 ‘lidii'
2132 1075 2264 1135 smum

577 1179 582 1188 ·
624 1160 762 1203 mamarm
780 1145 868 1211 datur,
884 1161 937 1217 quo
956 1146 1079 1216 cuiquam
1100 1143 1284 1201 subveniatur.
1301 1139 1420 1210 Quodsi
1473 1153 1636 1214 repugnant;
1653 1162 1700 1217 pro
1719 1165 1790 1221 qua,
1805 1153 1919 1226 nisipro
1939 1151 2262 1238 salsitateetiniqaitate,

624 1237 657 1294 (te
670 1237 732 1308 ipso
746 1238 828 1294 edam
844 1237 905 1292 idei
926 1238 1014 1304 oculo,
1033 1237 1066 1292 ad
1084 1251 1164 1308 auem
1181 1235 1297 1308 pertinet
1309 1232 1420 1319 credere
1473 1249 1532 1305 qum
1552 1236 1690 1309 suttmgart
1703 1240 1837 1300 videbitur
1848 1248 1904 1315 cis,
1918 1250 1961 1307 ael
1972 1253 2005 1307 ad
2024 1258 2190 1328 percipienda
2201 1277 2262 1333 qua

623 1333 680 1401 qtae
696 1343 870 1400 peccantem
891 1345 944 1385 non
966 1328 1100 1393 ridentur,
1120 1328 1219 1383 dictam
1243 1333 1294 1391 est,
1318 1323 1418 1379 Videbit
1472 1322 1603 1393 alliciunt,
1616 1329 1658 1385 rel
1669 1330 1704 1385 ad
1716 1332 2054 1406 uitandaqucoliendunt?
2068 1348 2104 1402 be
2118 1349 2261 1407 irritantibus

622 1421 704 1477 mg,
718 1437 780 1476 m
797 1423 911 1478 „gurm
926 1419 1172 1495 pet(1,m.1rr,d);
1185 1436 1239 1476 ιιοιι
1260 1420 1350 1490 utique
1367 1417 1418 1473 nisi
1472 1416 1616 1489 loquimur,
1633 1438 1685 1480 uon
1698 1424 1758 1495 quala
1779 1438 1925 1485 naseuntur
1938 1432 2092 1505 plerumque
2105 1438 2139 1494 de
2156 1441 2259 1498 adulte-

621 1511 653 1568 ὼ
664 1513 769 1579 anima,
787 1528 839 1584 qm
854 1514 918 1568 vm
935 1526 1009 1578 cm,
1024 1527 1085 1568 cum
1102 1512 1183 1568 egam
1197 1526 1245 1582 W
1259 1512 1341 1581 ipsam
1356 1524 1417 1565 021·-
1470 1506 1518 1563 riis
1536 1508 1545 1541 ¹
1560 1507 1658 1582 (nerpue
1678 1514 1750 1569 euim
1770 1515 1797 1572 iu
1810 1520 1900 1588 prauis
1920 1524 2040 1580 moribus
2067 1537 2167 1586 natura
2188 1531 2258 1589 dona

621 1619 679 1659 „cm
694 1604 963 1660 nostmmctlristum
977 1603 1127 1674 pies-idere,
1140 1601 1228 1667 idest,
1241 1600 1417 1671 detrusamque
1469 1597 1600 1669 culpanda
1615 1610 1693 1671 sunt;
1713 1614 1760 1661 aut
1772 1618 1910 1679 propterea
1929 1627 1982 1667 nort
1995 1614 2143 1673 debuerunt
2158 1624 2257 1691 germi·
2281 1597 2283 1602 Α

623 1694 731 1750 ineunte
752 1701 796 1749 est
815 1704 924 1765 pmpter
943 1710 1001 1760 nos,
1022 1708 1074 1748 non
1090 1691 1221 1765 pertineat
1240 1691 1273 1746 ad
1292 1690 1418 1761 concupi·
1469 1704 1534 1745 aare
1546 1689 1694 1762 frumenta,
1714 1696 1785 1766 qttod
1798 1713 1830 1754 ea
1849 1701 1947 1757 severit
1960 1702 2071 1759 lurarrtis
2083 1721 2195 1765 aturrus:
2210 1724 2256 1767 arrt

620 1787 761 1852 edendam,
775 1787 823 1843 sed
836 1785 870 1843 ad
888 1786 1063 1842 ministerium
1076 1787 1175 1853 carnis,
1188 1801 1221 1841 ne
1235 1785 1301 1841 torte
1320 1785 1416 1856 aliquis
1468 1796 1533 1837 uero
1548 1784 1612 1853 ipsis
1627 1788 1780 1856 parentibus
1792 1790 1913 1846 obfutura
1927 1793 1962 1849 sit
1976 1794 2100 1866 iniquibus
2113 1815 2177 1869 sua,
2192 1801 2215 1856 si
2229 1818 2259 1860 se

619 1879 652 1934 p„
665 1878 733 1934 ,epp
745 1879 869 1944 ,ccipere
882 1877 952 1949 quod
967 1878 1064 1934 dictum
1082 1886 1134 1943 est,
1152 1876 1249 1932 Videbit
1262 1877 1343 1931 omnis
1356 1892 1415 1931 caro
1468 1872 1502 1926 ad
1527 1873 1610 1930 Deum
1637 1879 1817 1934 concertendo
1843 1886 2023 1953 correxeriut;
2049 1899 2148 1959 qttanto
2170 1893 2258 1949 mittas

619 1969 731 2027 ululare
748 1967 800 2024 Dei
818 1979 934 2041 :quanto
948 1969 1138 2040 congruentius
1159 1968 1255 2023 dicitur
1270 1982 1333 2022 earo
1351 1981 1415 2022 cott-
1469 1960 1569 2029 ΐιΙὶῑὸιδῑ
1580 1968 1815 2037 ῐθθῑθιῑῐθιῑῐῑῑῗ)·

618 2062 768 2132 cupiscere,
785 2061 892 2134 quiade
910 2062 998 2117 anima
1011 2078 1064 2116 non
1083 2062 1169 2117 solum
1182 2061 1255 2116 carni
1271 2060 1413 2115 animalem
1467 2055 1580 2113 CAPUT
1599 2058 1668 2114 xlv·
1681 2090 1717 2100 -
1731 2062 1912 2134 Alilmeifflm
1926 2082 1972 2138 ΡΜ
1986 2069 2104 2140 ‘’filim'‘
2116 2088 2257 2128 “mmm

618 2154 697 2209 ritatn
711 2154 824 2226 pra-bet,
839 2170 930 2211 uerum
947 2155 1026 2211 etiam
1046 2154 1193 2211 secundum
1208 2154 1292 2225 ipsam
1306 2169 1413 2209 carnem
1470 2167 1474 2176 ·
1501 2164 1533 2201 ea
1546 2149 1662 2217 traduce,
1677 2151 1836 2223 desumptam
1849 2171 1882 2211 ca
1894 2167 1966 2213 remu
1985 2168 2009 2213 et
2027 2157 2151 2234 baptismo
2163 2179 2257 2234 paroa-

619 2245 720 2318 sliquid
730 2245 913 2318 concupiscit;
927 2245 997 2318 quod
1009 2246 1035 2301 in
1045 2253 1176 2317 potestate
1188 2259 1240 2299 non
1256 2251 1339 2300 estne
1349 2259 1414 2299 con·

618 2337 749 2408 cupiscat,
760 2336 888 2410 quamdiu
902 2336 972 2393 inest
985 2348 1120 2407 peceatum
1134 2337 1160 2393 in
1175 2337 1312 2405 nzetnbris,
1326 2336 1411 2404 idest,

617 2427 732 2485 etatem:
747 2427 870 2499 quadam
892 2429 980 2484 caretis
995 2427 1121 2484 illecebra
1143 2429 1169 2483 in
1188 2442 1300 2498 carpsere
1318 2427 1412 2484 mortis

618 2519 707 2592 bujtts,
723 2520 835 2579 sentiens
852 2519 887 2577 de
899 2519 1015 2598 sindicta
1029 2521 1098 2577 illius
1109 2519 1223 2593 peccati,
1237 2520 1307 2576 unde
1317 2536 1412 2591 propa-

615 2613 703 2686 ginem
716 2612 851 2680 ducimus,
866 2611 1012 2668 secuudum
1025 2628 1105 2683 quam
1118 2627 1213 2668 omnes
1225 2620 1288 2668 ante
1298 2613 1411 2684 gratiam

604 2706 661 2762 diiii
681 2714 747 2761 suut
764 2705 812 2761 inu
834 2704 942 2777 (prer.
958 2720 992 2771 tt,
1007 2703 1047 2776 5).
1072 2702 1171 2760 Contra
1186 2703 1258 2775 quod
1273 2711 1411 2774 peceatum

616 2797 730 2852 militant
741 2796 792 2851 sub
802 2796 887 2866 gratia
899 2796 1045 2862 constituti,
1059 2811 1111 2851 non
1127 2805 1217 2851 utnon
1231 2795 1266 2850 sit
1277 2795 1303 2850 in
1317 2811 1409 2851 eomnr

614 2902 737 2958 carpam,
751 2885 878 2959 quamdiu
890 2886 926 2941 ita
938 2887 1049 2943 mortale
1062 2894 1114 2954 est,
1129 2893 1157 2941 ut
1169 2896 1195 2943 et
1205 2897 1337 2942 mortuum
1349 2887 1410 2957 jure

613 2976 728 3046 dicatur,
748 2976 797 3034 sed
813 2985 842 3032 ut
861 2991 914 3031 non
933 2985 1036 3048 regnet.
1056 2976 1114 3031 Nou
1129 2986 1217 3031 autern
1233 2985 1335 3047 regnat,
1348 2992 1410 3033 eum

613 3068 754 3126 desideriis
766 3067 835 3139 ejus,
846 3067 870 3123 id
882 3076 933 3135 est,
945 3067 986 3122 bis
1000 3082 1059 3138 quae
1069 3065 1215 3123 mundum
1226 3081 1333 3121 manem
1345 3082 1410 3122 eorr-

614 3170 652 3216 ιιι
673 3159 800 3232 spiritum
822 3159 1056 3230 concupiscuntur,
1077 3172 1131 3212 nou
1145 3155 1277 3212 obeditur.
1293 3156 1409 3214 Proinde

614 3252 760 3324 Apostolus
777 3250 907 3323 numquid
927 3250 974 3318 ait,
996 3249 1053 3306 Non
1074 3252 1257 3323 sitpeccatunt
1279 3250 1305 3305 in
1319 3258 1409 3305 restro
1432 3299 1434 3303 .

613 3343 718 3400 mortali
731 3359 846 3413 corpore
864 3340 978 3414 (sciebat
987 3342 1093 3413 *quippe
1107 3342 1196 3396 inesse
1218 3340 1319 3412 peceati
1333 3340 1408 3395 delc-

611 3434 767 3499 ctationcm,
781 3447 861 3504 queam
883 3442 1019 3504 peccatum
1040 3439 1126 3499 vemt,
1144 3430 1286 3500 depravata
1305 3430 1408 3486 seilicet

611 3543 643 3583 cr
655 3527 740 3599 priuata
754 3523 965 3595 uartrsgressione
979 3520 1168 3597 natrrralised,
1179 3522 1248 3589 Noa,
1259 3523 1353 3594 inquit,
1365 3540 1407 3580 re·

610 3627 667 3691 eset
681 3625 814 3690 peccatam
827 3616 854 3671 t'a
866 3628 946 3672 aestro
959 3617 1059 3671 naortali
1073 3633 1178 3687 corpore
1192 3615 1226 3670 ad
1241 3614 1407 3673 obediendum

610 3709 741 3764 madente
754 3710 828 3781 ιρις
843 3724 889 3762 nee
900 3707 1038 3764 mellentis
1051 3708 1162 3764 aterrtbra
1175 3717 1255 3763 cetra
1267 3725 1340 3764 arnta
1355 3711 1406 3765 ini·

609 3799 712 3870 quitatis
723 3810 826 3872 peccato
838 3799 925 3873 (licum
942 3815 978 3866 ut,
993 3798 1037 3863 tt,
1055 3797 1112 3871 ld).

610 3890 722 3948 uteba
742 3889 811 3946 Xlll.
823 3920 859 3932 —
873 3889 926 3944 tttu
943 3891 1065 3945 aerrteutia
1082 3891 1114 3945 de
1127 3891 1331 3962 concupiscentia
1343 3909 1404 3948 car-

697 3981 753 4050 uis,
771 3997 848 4053 quum
861 3981 894 4036 sit
907 3982 1035 4053 capedita.
1050 3980 1160 4036 Peccata
1170 3967 1316 4052 puerorum.

643 4071 690 4128 ἥ.
707 4070 858 4128 Secundum
871 4071 939 4127 itanc
949 4073 1118 4138 senteutiam,
1128 4087 1177 4128 noe
1197 4088 1254 4130 rem
1266 4073 1404 4130 absurdis-

609 4151 704 4220 ubam
715 4163 918 4235 dicimus,tpuod
928 4178 991 4226 earo
998 4165 1055 4219 sine
1065 4167 1153 4219 areima
1161 4165 1345 4237 concupiscat;
1355 4182 1404 4223 nec

608 4252 762 4311 ilerde-bais
775 4254 973 4322 consentimus,
987 4253 1105 4326 quicum
1119 4252 1240 4310 uiderent
1258 4271 1311 4310 non
1324 4270 1404 4327 posse

609 4360 718 4404 cuntem
726 4345 786 4402 sirm
798 4346 886 4401 auriota
896 4345 1094 4416 concupiscere,
1105 4344 1184 4399 aliana
1195 4344 1334 4416 quamdam
1345 4345 1403 4401 ani·

610 4455 680 4496 uum
693 4456 770 4496 suam
785 4455 817 4496 ex
832 4439 989 4495 distratum
1010 4437 1065 4494 beo
1083 4443 1215 4494 contraria
1230 4455 1337 4495 carnem
1352 4439 1402 4495 ba·

610 4533 674 4590 bera
696 4541 873 4605 putauerunt,
897 4532 968 4588 uude
988 4530 1158 4602 concupiscat
1174 4530 1303 4587 aduersus
1322 4532 1401 4602 spiri-

609 4634 677 4682 ιιιιιι.
690 4625 746 4682 Nec
757 4624 837 4682 alicui
849 4624 947 4679 attinere
968 4639 1021 4678 nou
1034 4637 1094 4680 esse
1116 4624 1290 4679 rteeessariarn
1305 4623 1403 4679 Christi

609 4719 720 4791 gratiam
735 4717 827 4776 dicere
839 4716 969 4787 cogimur,
980 4730 1041 4771 cum
1051 4713 1148 4770 dieitur
1158 4712 1236 4770 uobis
1248 4732 1255 4768 a
1268 4712 1337 4781 Quid
1347 4729 1403 4769 tne-

609 4811 662 4868 rsit
675 4810 766 4868 anima
780 4801 899 4877 infantis,
912 4807 983 4865 unde
993 4806 1031 4862 ttlt
1041 4804 1220 4879 perniciosum
1233 4804 1329 4860 sitnon
1343 4818 1403 4873 pcr-

608 4901 836 4976 aepucutstiant
846 4901 973 4972 baptismi
982 4898 1228 4956 sacrametttoeairc
1238 4896 1270 4953 de
1280 4912 1400 4967 corpore,

609 4996 696 5054 sinae
714 4994 851 5067 preprium
865 4991 970 5063 aliquod
988 5000 1126 5063 peceatum
1140 4987 1288 5052 courruisit,
1303 5002 1353 5044 uec
1366 5003 1401 5046 ex

607 5089 653 5148 ills
665 5098 709 5147 est
719 5104 781 5160 quc
793 5086 820 5142 ia
833 5085 919 5142 Adam
937 5085 1022 5155 prima
1033 5081 1172 5156 peccauit?

644 5183 691 5241 te
704 5180 764 5238 tlon
777 5179 849 5236 enim
862 5177 896 5235 de
907 5177 997 5250 pueris
1007 5175 1202 5249 grandiusculis
1214 5175 1326 5245 agimus,
1340 5175 1401 5246 qui·

609 5277 658 5334 bus
670 5276 778 5349 qudem
792 5282 929 5345 peceatum
939 5272 1075 5344 proprium
1089 5271 1182 5327 nolunt
1191 5270 1334 5325 attribuere
1343 5268 1402 5340 qui·

1503 2237 1595 2307 lorum,
1610 2240 1754 2296 discutitur.

1501 2327 1554 2385 Sed
1570 2330 1613 2385 illa
1628 2340 1694 2388 atas
1708 2334 1750 2388 bic
1767 2334 1950 2393 vehementem
1963 2340 2135 2411 quaestionem
2150 2353 2255 2410 moret,

1465 2419 1540 2489 cttjtrs
1552 2421 1639 2476 anima
1650 2437 1711 2477 curu
1728 2433 1863 2495 peccatum
1882 2428 1983 2485 nullum
1997 2429 2092 2488 babeat
2105 2432 2139 2489 de
2149 2436 2256 2506 proprio

1465 2511 1608 2568 uoluntatis
1617 2514 1738 2584 arbitrio,
1750 2519 1878 2587 quaritur
1886 2522 2019 2592 quomodo
2028 2525 2254 2596 possitjrrstilleari

1464 2616 1513 2673 per
1524 2604 1595 2660 illius
1609 2607 1687 2670 unlus
1700 2607 1814 2665 bominis
1837 2609 2029 2684 obedientiam,
2050 2617 2073 2672 si
2089 2634 2136 2689 per
2147 2620 2255 2678 alterius

1464 2696 1542 2752 utrius
1566 2696 1772 2757 inobedientiam
1798 2719 1843 2759 rea
1863 2720 1915 2760 non
1939 2708 1996 2762 esti
2018 2709 2079 2765 liae
2093 2725 2142 2765 uox
2163 2726 2254 2768 eorum

1462 2796 1521 2854 est,
1537 2790 1580 2859 qui
1601 2791 1706 2846 autimas
1727 2791 1863 2849 homimum
1882 2812 1915 2852 ex
1937 2797 2088 2855 ltrtrninibus
2103 2803 2255 2871 parentibus

1462 2888 1567 2934 creatas
1581 2881 1689 2951 avolant,
1705 2898 1758 2940 uon
1773 2886 1878 2956 quidem
1896 2887 1947 2944 nisi
1964 2905 1978 2942 a
1993 2902 2114 2947 creatore
2127 2892 2190 2958 ben,
2205 2894 2253 2948 sed

1461 2968 1618 3027 sieutetiam
1627 2987 1748 3044 corpora.
1762 2974 1818 3029 Nota
1831 2977 1902 3032 enim
1913 2987 1940 3034 et
1949 2978 2007 3035 hace
2018 2991 2141 3049 parentes
2150 2993 2251 3050 creant,

1462 3077 1493 3118 ac
1508 3080 1559 3117 nott
1574 3065 1617 3120 ille
1635 3066 1679 3136 qui
1696 3067 1752 3122 ait:
1770 3066 1922 3142 Priusquam
1940 3081 1964 3126 te
1977 3072 2113 3142 [orarareut
2126 3075 2151 3128 in
2166 3085 2250 3144 utero,

1460 3156 1519 3209 uoci
1529 3164 1552 3209 te
1564 3153 1669 3227 (ierem.
1683 3173 1702 3222 t,
1716 3157 1756 3227 5).

1468 3257 1470 3261 ·
1496 3245 1542 3302 tt.
1556 3248 1657 3315 Quibus
1669 3250 1854 3322 respondetur,
1867 3253 1969 3309 animas
1978 3254 2084 3327 quidem
2096 3258 2251 3329 corporibus

1461 3336 1599 3396 bominum
1614 3341 1697 3396 boum
1713 3358 1794 3399 novas
1805 3342 1959 3414 singillatim
1974 3345 2053 3414 dare,
2070 3347 2102 3402 ad
2116 3348 2167 3405 Ιιιιι
2180 3360 2209 3407 ut
2224 3352 2251 3407 in

1460 3443 1540 3486 carne
1554 3432 1654 3501 peccati
1671 3431 1705 3488 dc
1724 3433 1844 3504 originali
1863 3445 1972 3507 peccato
1984 3435 2108 3494 sortiente
2122 3451 2194 3497 recte
2209 3443 2250 3497 si-

1460 3523 1556 3589 nendo,
1578 3525 1751 3597 earrtalesque
1771 3528 2000 3597 concupiscentias
2021 3530 2072 3586 sub
2096 3532 2142 3587 Dei
2167 3534 2250 3605 gratia

1460 3613 1615 3685 subigendo,
1632 3615 1754 3670 nteritum
1774 3625 1946 3686 comparent,
1969 3633 2096 3689 quocum
2112 3621 2169 3692 ipso
2189 3638 2250 3678 carr·

1460 3722 1523 3777 pure
1536 3707 1561 3760 in
1576 3707 1670 3761 melius
1684 3706 1876 3763 transferantur
1890 3717 2009 3779 tempore
2029 3713 2249 3779 resurrectionis,

1458 3806 1486 3853 et
1499 3796 1526 3852 in
1547 3797 1651 3852 Citristn
1673 3798 1700 3853 iu
1717 3807 1845 3855 aeternum
1867 3815 1928 3854 eum
1943 3800 2052 3873 Aregelis
2072 3803 2171 3859 sinant.
2194 3806 2246 3861 Sed

1458 3901 1567 3943 necesse
1580 3902 1640 3943 csse
1653 3897 1682 3943 ut
1694 3890 1715 3957 ¹,
1730 3905 1790 3945 cum
1810 3889 1937 3946 membris
1950 3893 2063 3950 terronis
2080 3903 2159 3965 atque
2173 3912 2246 3952 mor·
2260 3909 2267 3921 ⁸

1458 3978 1564 4044 talibas,
1578 3978 1743 4051 maximeque
1755 3979 1790 4037 de
1802 3982 1901 4052 peccari
1914 3997 1994 4042 earne
2004 3986 2164 4056 propagatis,
2179 3988 2247 4042 miro

1457 4068 1537 4123 ntodo
1549 4078 1716 4139 coaptantur,
1730 4079 1758 4124 nt
1767 4085 1797 4126 ea
1807 4070 1931 4142 primitus
1943 4072 2085 4138 rieilieare,
2097 4075 2246 4145 postellam

1456 4159 1542 4213 atatis
1554 4174 1662 4214 accessu
1675 4176 1766 4231 regere
1777 4160 1888 4230 possint,
1900 4169 2023 4232 tanquam
2035 4163 2167 4220 oblivione
2179 4181 2247 4236 pno-

1456 4259 1609 4321 graventur.
1624 4252 1689 4318 Quae
1703 4247 1734 4308 si'
1746 4260 1817 4308 esset
1831 4251 2025 4323 quodammodo
2042 4254 2244 4327 indigestibilis,

1456 4339 1575 4398 Creatori
1599 4342 1778 4398 tribueretur:
1795 4358 1855 4399 eum
1879 4358 1943 4398 aero
1966 4344 2092 4415 paullatim
2114 4346 2148 4401 ab
2169 4345 2247 4416 brtjrrs

1456 4437 1597 4493 oblivionis
1615 4446 1722 4508 torpore
1736 4437 1824 4491 anirtra
1844 4436 2005 4509 resipiscens
2026 4439 2109 4511 pessit
2127 4442 2246 4496 coruserti

1455 4528 1488 4583 ad
1510 4529 1592 4585 beatu
1607 4545 1700 4597 sunm,
1715 4529 1827 4600 ejusque
1848 4530 2056 4586 misericordiam
2069 4540 2096 4588 et
2108 4532 2246 4591 ueritatem

1455 4618 1541 4689 primo
1555 4618 1611 4689 ipsa
1623 4619 1721 4691 pietate
1731 4619 1923 4686 corruersionis,
1936 4618 2032 4675 deinde
2044 4622 2167 4677 screandi
2178 4640 2246 4695 prm

1455 4708 1595 4782 septicius
1608 4709 1803 4781 perseuerantia
1821 4709 1984 4781 prontercri3
1998 4709 2060 4780 qnid
2073 4711 2097 4766 ei
2111 4712 2186 4768 obest
2198 4712 2244 4767 illu

1454 4801 1527 4857 uelut
1539 4815 1634 4856 somno
1646 4798 1781 4871 paululum
1795 4800 1926 4871 inantergi,
1944 4799 2014 4855 uado
2028 4799 2153 4871 paulatim
2168 4804 2244 4873 osigi-

1455 4891 1517 4947 latras·
1526 4892 1550 4946 in
1565 4891 1651 4946 lucent
1672 4889 1871 4962 intelligentie,
1893 4901 2093 4963 propterquam
2108 4891 2244 4948 rationalis

1453 4984 1541 5038 anima
1557 4984 1623 5038 taeta
1636 4990 1693 5046 est,
1708 4989 1795 5053 potest
1808 4996 1854 5051 per
1865 4981 2025 5036 saluritatem
2039 4981 2134 5037 borram
2146 4989 2245 5055 eligere

1454 5074 1535 5132 sitam
1552 5073 1669 5130 borram?
1681 5071 1751 5144 quod
1765 5071 1871 5143 quidem
1885 5088 1936 5126 troo
1952 5073 2059 5144 poterit,
2075 5073 2124 5128 nisi
2136 5072 2245 5145 adiuro·

1453 5164 1578 5238 ritgratia
1588 5162 1634 5221 Dei
1644 5161 1944 5235 perttediaroremdtoe
1962 5164 1985 5218 si
2000 5165 2145 5236 neglexerit
2153 5165 2242 5235 laomo,

1454 5273 1506 5316 tlon
1520 5266 1621 5312 carnum
1635 5253 1782 5310 secundum
1796 5267 1922 5323 cantem,
1943 5270 2035 5310 serum
2050 5255 2129 5311 etiam
2147 5270 2244 5312 seeun-

607 5369 688 5436 darn,
703 5368 755 5426 uisi
772 5366 806 5424 ab
819 5365 882 5422 anni
902 5363 989 5436 quurti
1010 5364 1105 5420 deciani
1126 5364 1253 5428 articulo,
1273 5377 1334 5418 eum
1350 5377 1400 5432 pu·
1453 5350 1516 5408 dum
1531 5348 1655 5420 spiritum
1675 5346 1727 5403 erit
1750 5343 1854 5402 Adam:
1870 5346 1893 5401 si
1914 5354 2001 5402 autent
2023 5347 2172 5415 curaverit,
2193 5348 2244 5405 erit

608 5460 718 5518 bessem
730 5456 870 5529 eoeperiut.
886 5454 962 5524 ouul
975 5454 1070 5510 merito
1088 5452 1275 5517 crederemus,
1290 5451 1313 5507 si
1328 5449 1400 5506 trulla
1453 5441 1538 5498 Adam
1550 5438 1697 5496 seeundum
1706 5452 1814 5494 carnem
1825 5435 2023 5504 tantummodum
2035 5437 2180 5493 secuudum
2191 5439 2246 5507 spi·

607 5558 700 5608 esent
709 5557 840 5622 moesta,
855 5547 978 5618 nisique
991 5544 1120 5602 membris
1134 5542 1291 5615 genitalibus
1303 5540 1400 5596 aduttit-
1453 5536 1533 5593 ritum
1548 5541 1636 5590 autem
1650 5540 1722 5587 recte
1734 5529 1839 5595 uirens,
1854 5526 1918 5585 illud
1933 5529 2013 5584 etiarn
2027 5528 2097 5599 quud
2112 5528 2144 5582 de
2157 5527 2242 5582 Adanu

608 5649 700 5700 intur
710 5660 719 5699 a
731 5641 792 5713 aab
804 5654 869 5697 sero
879 5638 975 5696 audeat
986 5639 1133 5702 allirmare,
1146 5637 1230 5703 turta,
1244 5633 1399 5702 mendacia,
1452 5625 1585 5698 culpabile
1599 5629 1710 5679 tractum
1724 5629 1776 5688 est,
1791 5619 1945 5675 mundatum
1960 5634 1975 5673 a
1988 5619 2046 5673 labe
2061 5618 2160 5689 pecctti
2176 5618 2244 5672 reei-

607 5733 736 5805 psrluria,
748 5747 802 5788 uon
816 5745 877 5788 csse
890 5739 1007 5802 peecata,
1022 5728 1073 5785 uisi
1085 5729 1130 5801 qut
1145 5728 1207 5784 talia
1220 5727 1278 5784 vult
1291 5725 1400 5796 impune
1453 5731 1517 5790 perc
1529 5713 1674 5771 merebitur
1693 5710 1737 5767 illa
1756 5710 1964 5767 commutatione
1984 5724 2062 5781 quarn
2076 5707 2173 5762 saumis
2197 5721 2243 5780 re·

608 5824 843 5882 committeretur
857 5823 900 5878 bis
915 5823 990 5895 plena
1005 5831 1048 5878 cst
1061 5819 1171 5892 puerilis
1183 5831 1265 5889 tutas,
1280 5817 1400 5890 quartalis
1452 5806 1581 5863 διιῐιιΰῑῑθ
1592 5803 1740 5876 militetur·
1970 5805 1974 5813 ’

607 5915 634 5972 h
647 5917 689 5973 sis
702 5931 757 5972 asoa
778 5916 815 5971 lta
833 5922 862 5970 ut
882 5914 911 5970 ia
929 5913 1073 5983 majoribus
1091 5911 1225 5984 punienda
1244 5910 1398 5979 uideantur,
1487 5900 1533 5956 23.
1546 5898 1599 5956 Sed
1609 5906 1751 5968 atttequam
1764 5909 1812 5966 per
1821 5901 1927 5950 autem
1939 5889 2021 5961 possit
2032 5887 2175 5945 secundum
2187 5889 2242 5959 spi-

608 6009 833 6079 aucuparentur
845 6006 1128 6072 antrisaceedcntibus,
1143 6005 1240 6076 quibus
1253 6003 1322 6060 ratio
1335 6017 1399 6059 con·
1453 5998 1533 6051 ritum
1547 5989 1653 6057 sisere,
1676 5985 1854 6044 neeessariam
1875 5982 1954 6037 ttabet
1974 5977 2124 6035 ilediatoris
2144 5978 2242 6035 Sacra·

608 6105 734 6170 nme,
747 6115 828 6172 pm
841 6110 972 6171 ppaeoepre
986 6099 1110 6156 saluum
1124 6098 1220 6155 melius
1232 6095 1397 6167 intelligere,
1453 6093 1582 6147 alteratum,
1596 6089 1624 6136 ut
1635 6078 1706 6151 quud
1720 6093 1768 6148 per
1782 6077 1839 6146 ejus
1852 6073 1930 6127 iidem
1944 6068 2061 6125 nonduin
2076 6076 2180 6140 potest,
2196 6083 2244 6132 per

608 6194 699 6266 cherua
713 6192 839 6248 libentius
851 6191 969 6248 obedire.
983 6190 1036 6249 Sed
1047 6189 1162 6247 bunede
1173 6188 1263 6261 pueris
1274 6202 1329 6242 non
1342 6186 1398 6258 agi·
1485 6221 1493 6252 ,
1507 6225 1531 6268 m
1542 6213 1652 6278 plumis
1661 6217 1726 6270 m,
1738 6207 1769 6259 de
1779 6203 1904 6276 apum

609 6299 681 6355 uss,
696 6299 811 6359 «puerum
832 6282 966 6341 carnalem
984 6296 1015 6339 ae
1029 6281 1159 6361 puerilem
1181 6280 1342 6351 uoluptatem
1357 6278 1395 6332 ret
1484 6283 1560 6330 ἰιι
1573 6290 1628 6327 ortu
1639 6273 1810 6325 onnbususs.
1824 6272 1946 6330 nutarunt,
1958 6270 1992 6317 ut.
2015 6271 2043 6313 u.
