5709 7534
697 797 767 857 titt
1084 792 1128 850 eit
1145 789 1318 850 colsuasu
1337 783 1658 851 tintinnistaatitt,
1678 785 1708 843 S·
1728 783 1911 845 lbeustuu
2247 793 2317 849 tito

697 906 949 975 oewmcdmduns,
962 906 1007 979 qui
1030 906 1153 964 lenonum
1176 920 1274 961 nonvea
1294 920 1347 961 son
1368 904 1483 969 babeam
1537 910 1661 971 tannmm
1685 903 1764 959 nnius
1785 915 1868 961 unum
1890 904 1986 964 libram
2005 906 2201 980 acciperemus,
2223 908 2250 964 ia
2270 914 2324 979 auo

696 1001 797 1060 dietum
810 1013 848 1060 est
861 1001 933 1058 onim
947 1001 997 1056 boe
1010 1015 1057 1070 per
1069 998 1222 1071 proplietam
1231 1039 1240 1065 ,
1250 997 1297 1055 aed
1309 998 1482 1053 zachariam:
1536 994 1608 1050 nulla
1620 1009 1709 1051 mrum
1723 993 1897 1068 discrepantia
1907 999 2069 1068 eraderetur,
2083 1003 2150 1059 sieut
2163 1001 2234 1059 avalla
2244 1003 2320 1061 inve·

698 1092 767 1150 tande
782 1101 895 1161 potuim,
909 1090 1015 1148 ervdiees
1026 1103 1086 1146 aare
1100 1088 1242 1145 mendosos
1254 1089 1298 1160 qui
1319 1088 1418 1144 labom
1436 1101 1485 1143 no·
1535 1086 1646 1153 amtor,
1658 1096 1687 1142 et
1701 1088 1726 1143 in
1746 1102 1800 1159 qno
1820 1089 1906 1160 maior
1921 1101 1993 1148 esset
2014 1093 2161 1149 constantia
2185 1092 2319 1161 veritatis,

697 1199 758 1242 sven
772 1182 910 1249 tenente,
926 1183 986 1254 quia
999 1183 1041 1239 rel
1053 1180 1189 1237 lardaria
1208 1180 1306 1237 babere
1317 1176 1482 1245 debuerunt,
1534 1191 1615 1247 apuam
1629 1178 1651 1232 tl
1663 1178 1752 1233 evnnia
1765 1179 1809 1234 ilia
1823 1195 1890 1235 unus
1903 1180 1984 1237 bomo
1993 1182 2140 1253 quamlibet
2152 1182 2321 1240 doctissimus

600 1273 608 1281 '
696 1274 868 1340 reinuidis,
885 1274 956 1330 sieut
968 1274 1090 1345 parmam,
1104 1274 1152 1329 aed
1165 1280 1267 1329 tantum
1279 1288 1324 1344 per
1336 1271 1484 1343 propnetam
1535 1267 1704 1339 loquemur?
1720 1267 1796 1337 Quod
1816 1285 1880 1342 erpo
1891 1270 1952 1327 ltine
1964 1284 2147 1345 argumentum
2160 1289 2265 1331 sumere
2279 1291 2324 1331 eo·

694 1365 834 1428 dicentem.
847 1365 892 1436 qui
906 1367 996 1436 adque
1009 1365 1163 1437 intelligitur
1170 1364 1321 1420 hmanas.
1332 1364 1385 1420 Sed
1397 1372 1484 1421 utatur
1535 1367 1632 1414 uantur
1652 1360 1694 1415 vel
1714 1360 1838 1417 inddeles
1849 1362 1890 1417 vel
1911 1364 2025 1435 imperiti
2041 1365 2171 1430 homines,
2187 1367 2262 1437 quasi
2286 1367 2319 1421 ad

694 1454 744 1510 ista
757 1454 928 1522 defensione,
940 1456 983 1512 cui
998 1458 1083 1527 piacet
1094 1471 1102 1513 :
1115 1455 1180 1511 mibi
1193 1466 1282 1512 autem
1296 1470 1346 1512 cur
1357 1471 1410 1510 non
1425 1456 1483 1525 pia·
1533 1448 1724 1506 “eludendam
1746 1450 1937 1507 dissonantiam
1963 1464 2116 1511 sanctorum
2142 1455 2323 1528 Emungelista·

694 1533 768 1611 cert,
790 1545 848 1602 imo
867 1562 947 1602 eausa
959 1556 1016 1613 est,
1033 1546 1095 1619 quia
1108 1554 1136 1603 et
1148 1546 1239 1616 plures
1257 1546 1363 1601 codiees
1386 1546 1484 1601 lvalvent
1533 1554 1610 1606 vam,
1635 1540 1685 1597 boe
1704 1545 1792 1614 partius
1813 1541 1911 1599 debent
1930 1559 2065 1606 mamere
2087 1546 2178 1603 ildeles
2200 1558 2227 1604 et
2251 1548 2323 1604 ancti

693 1633 815 1691 levervviar
828 1651 942 1700 vtoauen;
963 1646 991 1693 et
1011 1637 1055 1708 aui
1075 1635 1268 1707 diligentioris
1285 1637 1379 1708 praeis
1391 1651 1483 1692 caem-
1534 1631 1568 1687 ad
1585 1633 1776 1689 ostendendam
1790 1635 1919 1691 unitatem
1939 1645 2090 1693 sanatorum
2103 1637 2183 1694 etiam
2198 1639 2318 1709 Propius·

694 1726 811 1798 p'aribus
823 1726 995 1798 Esavrpelium
1013 1727 1264 1795 eontidmaverunt,
1279 1728 1308 1783 ia
1327 1728 1483 1799 antiquiori·
1534 1731 1632 1778 iarum.

693 1817 850 1888 busnveeis
871 1818 906 1875 ita
919 1834 950 1875 se
970 1818 1110 1889 perhibent
1122 1818 1275 1877 iuvenisse:
1295 1829 1321 1876 et
1343 1819 1414 1875 nulla
1433 1818 1483 1875 luit
1569 1815 1614 1871 tl.
1628 1815 1677 1871 list
1688 1824 1717 1872 et
1726 1816 1777 1871 alia
1789 1831 1885 1885 eausa,
1899 1833 1959 1890 qun
1973 1818 2036 1873 mibi
2056 1819 2161 1875 ridetur
2178 1820 2231 1875 alio
2251 1829 2320 1877 tem·

693 1922 773 1964 sama
784 1908 984 1967 euradderetur
1001 1908 1051 1965 une
1069 1924 1187 1978 minen,
1209 1918 1240 1966 ιιι
1260 1908 1421 1966 mendositas
1435 1910 1483 1964 ile-
1534 1919 1600 1977 pore
1613 1905 1765 1979 diligentius
1786 1908 1983 1978 pertractanda,
2000 1925 2033 1967 ne
2047 1911 2160 1982 amplius
2172 1926 2323 1968 sermonem

695 2010 751 2065 tet:
765 2014 813 2057 eutr
822 2009 911 2058 autem
923 2001 957 2058 de
971 2001 1249 2058 nonaulllaoodieibus
1267 2002 1420 2068 tolleretur,
1433 1999 1483 2056 luit
1534 1999 1740 2070 pertendamus,
1753 2015 1831 2070 arram
1843 2000 1921 2072 basias
1933 2003 2022 2072 operis
2035 2002 2193 2058 terminandi
2204 2004 2323 2059 necessi-

694 2092 785 2162 atiquo
796 2107 890 2159 eausa.
905 2102 935 2149 ut
955 2092 1006 2149 laoc
1027 2092 1112 2150 audax
1134 2094 1266 2164 imperitia
1286 2092 1400 2158 iaeerot,
1419 2107 1482 2148 eum
1534 2089 1705 2161 usuagium.
1726 2105 1774 2145 eur
1795 2090 1846 2146 boe
1864 2107 1960 2148 nomen
1982 2092 2103 2149 leremim
2122 2093 2148 2148 in
2172 2094 2324 2150 testimonio

694 2181 846 2239 turbaretur
862 2182 1028 2253 nutatione.
1051 2183 1125 2254 quud
1144 2183 1196 2239 boo
1216 2181 1395 2239 testimonium
1412 2182 1482 2254 apud
1534 2179 1668 2236 zneivsrtue
1689 2181 1727 2236 sie
1748 2195 1858 2237 manere
1879 2183 2053 2253 pennissum,
2072 2183 2114 2238 rel
2138 2185 2226 2256 potius
2240 2185 2325 2239 sancti

694 2272 834 2330 lesendam
850 2289 902 2330 nou
916 2274 1089 2331 inaveniretur.
1533 2270 1648 2343 Spiritus
1671 2273 1826 2328 arietariinte
1851 2279 2011 2343 praeceptum
2032 2273 2077 2328 sit.
2101 2272 2148 2329 list
2165 2274 2234 2344 apud
2251 2273 2327 2330 lere·

729 2365 774 2422 ab.
793 2366 861 2434 Quid
875 2381 939 2438 erpo
951 2365 1150 2437 intelligendum
1169 2375 1226 2433 est,
1248 2365 1300 2421 uisi
1322 2364 1373 2421 boe
1393 2372 1482 2420 aetum
1533 2362 1633 2428 utiam,
1648 2362 1718 2433 qnod
1730 2363 1825 2418 euverlt
1838 2377 1954 2433 apmma
1969 2365 2022 2419 lilio
2037 2363 2126 2419 inatris
2138 2365 2178 2419 sui
2188 2407 2196 2432 ,
2208 2377 2234 2420 et
2245 2364 2327 2421 dede-

693 2471 755 2514 ease
768 2457 913 2513 secretiore
926 2458 1038 2514 conuitio
1052 2456 1226 2528 providentie
1239 2456 1302 2521 liei,
1315 2469 1368 2526 qua
1380 2464 1483 2511 menites
1533 2455 1569 2509 rit
1582 2455 1606 2509 ei
1621 2465 1772 2525 arpentum:
1787 2469 1839 2509 nnn
1853 2454 1959 2525 anaidem
1981 2455 2032 2510 sub
2051 2455 2101 2511 nne
2126 2459 2233 2511 annaniae
2247 2458 2326 2528 pretii

695 2548 921 2621 evangelistarum
941 2557 1003 2606 sumt
1013 2547 1185 2620 gubernatori
1197 2547 1286 2604 Potuit
1298 2547 1369 2602 enim
1385 2546 1442 2603 bari
1454 2555 1484 2602 ut
1534 2546 1605 2618 qvvud
1619 2546 1732 2616 positum
1743 2553 1783 2601 ost
1796 2546 1865 2615 apud
1875 2545 2028 2601 laetaniam
2039 2588 2046 2613 ,
2059 2548 2163 2618 triginta
2177 2549 2325 2618 regnantem

694 2638 783 2696 animo
796 2638 910 2694 llattivael
928 2638 1099 2709 Evangeliuru
1114 2636 1305 2694 conscribentis
1319 2653 1367 2709 pro
1379 2636 1481 2693 heba-
1533 2647 1717 2694 verumtamen
1737 2637 1793 2708 apri
1811 2638 1911 2708 eruptio
1926 2651 1980 2692 non
2000 2645 2041 2693 est
2063 2637 2132 2708 apud
2148 2637 2303 2693 Zachariam
2318 2654 2326 2693 :

694 2728 734 2801 ria
753 2727 883 2784 ieremias
902 2736 1071 2794 occurreret,
1088 2735 1118 2782 ut
1139 2726 1195 2782 lieri
1208 2725 1294 2792 solet,
1308 2726 1379 2796 anoni
1395 2737 1482 2781 tannen
1534 2727 1605 2797 qrvvvd
1619 2736 1707 2782 erstem
1722 2728 1886 2797 prophetiam
1901 2728 1935 2783 de
1948 2728 2055 2799 triginta
2077 2730 2210 2800 argenteis
2223 2728 2256 2782 ml
2277 2729 2329 2785 boe

695 2811 753 2868 sine
767 2811 818 2868 ulla
833 2811 994 2867 dubitatione
1008 2803 1178 2875 emendaret,
1203 2809 1297 2865 saltem
1315 2810 1349 2866 ab
1361 2811 1420 2865 aliis
1434 2809 1483 2866 ad·
1536 2820 1725 2888 itvterpvretatus
1738 2819 1773 2873 sit
1788 2818 1973 2889 llumvgelista,
1984 2818 2056 2889 quod
2071 2818 2150 2872 modo
2163 2819 2197 2874 de
2218 2819 2329 2875 barnuino

696 2905 828 2972 varonitus,
841 2904 885 2974 qvni
900 2900 957 2975 ipso
969 2903 1056 2959 adime
1072 2902 1099 2959 in
1113 2916 1196 2958 earne
1209 2901 1314 2958 riuervtu
1328 2902 1380 2958 ivoe
1397 2903 1485 2973 lugere
1535 2910 1697 2979 cumpletum
1711 2917 1769 2974 est,
1786 2916 1815 2963 ut
1835 2909 1886 2965 boe
1899 2920 1970 2965 esset
1984 2910 2098 2980 pretium
2119 2910 2189 2979 rivas,
2213 2910 2326 2965 manlie-

696 3004 855 3068 potuerunt,
869 2995 919 3052 uisi
931 2996 1060 3067 cogitaret
1074 2993 1250 3051 recordationi
1265 3009 1338 3059 suan,
1353 3009 1412 3065 quaa
1424 3009 1486 3050 san·
1536 3009 1607 3055 stum
1621 3007 1681 3062 est:
1703 2999 1750 3055 sed
1775 3000 1808 3055 ad
1831 2999 1882 3055 boe
1904 3000 2036 3071 pertinere
2048 2999 2128 3056 etiam
2145 3000 2207 3056 iliud
2222 3001 2254 3056 de
2266 3016 2331 3075 agro

696 3096 740 3144 αθ
758 3086 857 3157 Sillim
876 3085 1027 3157 “limitis
1050 3099 1105 3141 ¹¹⁰¹!
1127 3082 1225 3140 stiffi
1246 3084 1396 3140 ⁰0⁰i¹ffi⁵⁸⁰
1414 3082 1485 3139 iliud
1536 3100 1627 3161 canpto
1639 3090 1710 3162 queri
1722 3090 1851 3147 ieremias
1862 3090 1945 3158 dixit,
1959 3089 2022 3146 ltine
2034 3091 2118 3162 potuit
2130 3093 2239 3163 mystioe
2253 3091 2331 3160 sigui·

697 3194 747 3253 pro
759 3178 812 3235 alio
826 3193 923 3235 nomen
936 3176 1087 3253 propbeta,
1107 3177 1158 3233 nisi
1170 3176 1232 3249 quia
1245 3177 1280 3232 ita
1293 3176 1420 3233 bmniaus
1434 3175 1486 3232 1¹⁰0
1538 3184 1627 3249 dervi,
1643 3193 1672 3239 ut
1682 3197 1735 3239 aaa
1750 3182 1794 3239 bie
1805 3181 1940 3238 zaebmie
1953 3197 2048 3238 nornen
2062 3192 2214 3253 poneretur,
2227 3184 2271 3253 qui
2288 3183 2330 3239 di·

697 3273 778 3330 scribi
791 3273 936 3330 coustituit.
949 3273 1004 3330 Cur
1015 3281 1103 3329 autem
1117 3271 1152 3328 ita
1165 3270 1331 3327 eonstitmrit
1344 3269 1484 3333 Dominus,
1540 3276 1578 3332 xia
1592 3276 1697 3346 triginta
1713 3274 1862 3345 argenteis,
1876 3272 1922 3327 sed
1934 3271 2073 3339 ieremias,
2087 3273 2131 3344 qul
2142 3273 2207 3328 dixit
2220 3274 2253 3329 de
2267 3289 2332 3344 agro

699 3367 784 3436 prima
805 3364 848 3420 ilia
870 3380 948 3419 carrusa
970 3364 1110 3419 utilissima
1131 3363 1210 3419 debet
1224 3363 1346 3418 facillime
1359 3359 1485 3431 multari,
1538 3376 1648 3437 erupto:
1671 3375 1699 3420 ut
1719 3365 1788 3421 ieeto
1800 3364 1941 3434 Evangelio
1955 3372 2033 3433 atqtre
2045 3363 2151 3418 inuento
2165 3363 2272 3418 nomine
2284 3362 2331 3419 le·

699 3457 779 3512 edam
792 3456 831 3513 sie
843 3471 903 3512 esse
923 3457 1082 3511 ivisirmatum
1095 3456 1130 3511 ita
1143 3470 1237 3511 nnnvaes
1250 3464 1356 3509 saintos
1368 3452 1486 3524 Propius·
1540 3457 1646 3523 cerarin,
1662 3455 1730 3510 lecto
1744 3463 1831 3509 autem
1845 3453 1960 3509 leremia
1981 3462 2008 3508 et
2022 3467 2075 3508 non
2091 3453 2198 3519 inuento
2212 3454 2334 3510 testimo-

700 3555 742 3602 tas
759 3561 813 3602 une
828 3546 922 3619 spiritu
941 3546 1042 3602 lorvvtos
1057 3545 1170 3601 nvirabiii
1186 3529 1254 3601 inter
1265 3560 1294 3600 se
1312 3545 1488 3601 consensione
1540 3546 1585 3602 nio
1598 3543 1631 3601 de
1644 3545 1749 3615 triginta
1763 3545 1910 3615 argenteis,
1922 3541 2030 3599 invento
2045 3553 2134 3600 tamen
2147 3559 2211 3615 agro
2225 3556 2332 3616 empto,

700 3645 837 3702 ervrvstare,
851 3644 881 3691 ut
892 3635 943 3691 boe
955 3637 1038 3692 multo
1048 3635 1162 3706 amplius
1174 3636 1225 3700 sit,
1239 3649 1318 3704 qtaam
1333 3635 1356 3689 si
1370 3636 1488 3690 omnium
1540 3635 1714 3692 admoneatur
1730 3634 1815 3690 lector
1828 3641 1969 3704 utrumque
1988 3632 2125 3701 eonierre,
2151 3643 2178 3688 et
2194 3633 2256 3688 inde
2270 3648 2333 3688 sea·
2385 3697 2387 3702 ,

701 3725 790 3780 omunia
803 3725 994 3795 Prophetarum
1012 3740 1066 3781 uno
1085 3724 1163 3781 uarius
1184 3725 1298 3780 bominis
1311 3740 1357 3780 ere
1371 3725 1491 3782 diceren-
1540 3741 1599 3784 sum
1611 3726 1751 3782 enucleare
1764 3726 1927 3796 prophetie,
1941 3723 2075 3796 quomodo
2089 3724 2218 3795 pertineat
2237 3723 2269 3778 ad
2283 3725 2334 3781 boe

701 3822 745 3872 tur
761 3832 768 3869 ε
784 3824 812 3872 et
829 3816 889 3870 ideo
907 3815 1085 3871 indubitanter
1104 3814 1187 3883 accipi
1207 3814 1305 3871 debere
1318 3829 1490 3886 ramumque
1541 3817 1612 3888 eund
1626 3817 1653 3874 ia
1667 3815 1779 3872 Domino
1793 3815 1932 3888 impletum
1942 3824 1992 3870 est.
2005 3815 2071 3870 llam
2088 3814 2151 3870 iilud
2164 3814 2234 3887 quod
2245 3814 2335 3886 subje-

703 3921 753 3978 per
776 3919 824 3962 eos
851 3905 965 3977 Spiritus
997 3916 1105 3962 sanems
1129 3903 1210 3968 dixit,
1239 3912 1267 3961 et
1296 3906 1400 3976 singula
1431 3919 1492 3961 ease
1542 3909 1578 3964 eit
1591 3907 1653 3964 bule
1664 3907 1817 3963 testimonio
1841 3905 1980 3963 ilattlneus
2002 3920 2063 3961 eum
2081 3906 2128 3973 ait,
2147 3904 2227 3970 Qrtem
2240 3922 2337 3976 uppre-

703 3995 839 4061 amnium,
854 4003 883 4053 et
902 3996 991 4052 omnia
1008 3996 1184 4068 singulorum.
1203 3993 1268 4052 Cum
1290 3997 1379 4068 igitur,
1393 4005 1421 4054 et
1432 4012 1492 4069 qttte
1542 4000 1664 4056 timerent
1683 4000 1731 4070 filii
1747 3996 1844 4065 iamsi,
1858 4006 1882 4052 et
1898 3997 2020 4052 dederunt
2041 4012 2082 4052 eoa
2096 3997 2122 4051 in
2140 4013 2231 4067 aprum
2245 3997 2333 4068 fipuii,

703 4087 773 4144 dicta
788 4097 851 4145 sunt
862 4103 909 4159 per
919 4088 1062 4146 ieremiam
1076 4096 1129 4145 tant
1143 4089 1197 4146 sint
1209 4089 1343 4145 zacnnin
1355 4087 1492 4160 avramle·
1543 4091 1606 4147 sirau
1626 4089 1751 4145 corruiturit
1772 4087 1835 4143 mili
1858 4083 2001 4153 bominum,
2026 4101 2076 4143 noe
2097 4086 2166 4157 apud
2181 4086 2334 4142 haberium

704 4180 810 4250 renatae,
824 4188 852 4237 et
865 4196 924 4252 «puae
937 4181 1006 4238 dicta
1019 4189 1141 4252 suntper
1155 4179 1309 4238 misniam
1323 4191 1376 4236 tam
1386 4180 1439 4236 sint
1449 4180 1494 4237 le·
1544 4197 1594 4240 nee
1603 4182 1673 4255 apvud
1685 4181 1827 4238 ieremiam
1840 4179 1981 4249 reperitur.
1994 4177 2071 4235 Unde
2081 4178 2164 4248 magis
2178 4189 2334 4248 expersum

704 4261 797 4328 remim
810 4287 890 4343 quam
903 4271 1054 4340 treberim
1074 4272 1137 4343 quid
1149 4287 1217 4342 opus
1229 4280 1286 4329 erat
1298 4281 1327 4328 ut
1339 4271 1494 4328 emendaret
1544 4277 1628 4348 ipsius
1643 4274 1819 4345 Evanpeiisle
1833 4270 2014 4342 reeipiendum
2033 4276 2076 4325 est
2086 4269 2221 4340 eleganter
2234 4277 2259 4323 et
2274 4283 2334 4339 my·

705 4361 858 4430 llatthaus,
872 4362 1015 4428 eumaliud
1028 4378 1078 4435 pro
1091 4363 1202 4420 aliosibi
1213 4378 1310 4420 noman
1321 4377 1493 4419 oecurrensa
1544 4368 1610 4423 stlee
1622 4367 1750 4420 insertum
1761 4397 1769 4431 ,
1782 4362 1844 4434 quis
1866 4360 1917 4416 lroe
1936 4373 1969 4416 ex
1992 4357 2097 4415 bomini
2119 4358 2279 4414 revelatione
2290 4371 2336 4412 eo·

705 4452 874 4524 rescriptum
887 4454 1025 4525 relegisset
1033 4471 1046 4519 ς·
1054 4469 1087 4512 ae
1099 4470 1152 4510 non
1166 4454 1252 4526 potius
1273 4470 1388 4526 emamus
1400 4463 1493 4511 aueto-
1544 4458 1665 4530 minuerit
1683 4456 1718 4511 ati
1741 4455 1810 4510 banne
1831 4467 1908 4519 rem,
1928 4467 1988 4524 qun
2001 4450 2035 4507 de
2048 4449 2146 4507 Cbristi
2168 4450 2254 4520 pretio
2268 4448 2336 4507 iacta

706 4544 811 4601 ritatem
823 4543 936 4616 spiritur
947 4546 1143 4618 &tumbaque
1156 4554 1270 4603 mentem
1284 4553 1358 4603 luam
1370 4548 1494 4619 vepiplus
1545 4557 1601 4615 est,
1617 4543 1765 4619 itariusmodl
1781 4544 1917 4615 pertinere
1938 4542 2116 4613 prophetiam.
2138 4540 2219 4596 Liber
2239 4541 2337 4611 quippe

705 4636 783 4693 nobis
794 4636 839 4693 ille
853 4636 943 4708 utique
954 4635 1100 4703 sentiebat,
1113 4636 1148 4692 ita
1159 4636 1210 4694 boe
1221 4637 1348 4707 seriptum
1363 4637 1496 4709 reiinqus-
1545 4639 1626 4710 empti
1645 4638 1700 4709 agri
1713 4636 1782 4708 apud
1796 4635 1942 4693 decentiam
1954 4634 2062 4704 jubetur
2074 4632 2142 4688 mitti
2156 4632 2182 4686 in
2196 4646 2242 4686 vas
2255 4630 2338 4687 dctiie

707 4735 765 4793 vet,
785 4728 854 4784 sieut
866 4743 928 4785 ouva
948 4727 1115 4785 admonendo
1128 4728 1299 4785 eonstituerat
1310 4730 1335 4786 ei
1350 4730 1493 4796 boninus,
1546 4730 1652 4804 (lesem.
1666 4743 1756 4797 arra,
1772 4725 1867 4800 ist),
1880 4736 1908 4784 et
1922 4726 2021 4783 emitur
2031 4726 2075 4781 bie
2089 4724 2219 4795 depretia
2233 4724 2337 4780 bomini

706 4819 740 4875 ad
760 4819 941 4878 informandae
961 4837 1011 4878 nos
1027 4830 1126 4878 ιιιιιιιι
1141 4823 1281 4879 verborum
1296 4839 1403 4879 suarum
1423 4824 1496 4881 inter
1546 4838 1609 4896 ager
1623 4823 1706 4894 iperii,
1721 4830 1747 4877 et
1761 4822 1812 4877 boe
1823 4820 1856 4875 nd
1870 4820 2033 4890 sepulturam
2044 4818 2259 4890 peregrinomm,
2275 4828 2335 4873 tan·

707 4908 854 4982 Prophetas
875 4924 936 4969 esse
955 4912 1144 4979 eoneordiam,
1166 4923 1197 4969 avt
1219 4929 1271 4969 non
1289 4914 1420 4980 absimile,
1440 4915 1495 4972 imo
1546 4929 1624 4987 quiam
1638 4915 1672 4970 nd
1687 4910 2167 4986 pemransionemquietiseorumoui
2181 4910 2207 4964 in
2221 4910 2273 4965 boe
2286 4926 2337 4966 ιω-

707 5001 947 5071 congruentissime
967 5003 1048 5059 etiam
1067 5002 1190 5060 ieremias
1209 5002 1399 5075 deputarentur
1422 5006 1494 5077 quod
1546 5006 1608 5063 eulo
1630 5005 1829 5077 peregrinantes
1839 5002 2056 5071 eonsepniiuntur
2068 5000 2174 5056 cbristo
2187 5014 2235 5070 per
2248 5000 2337 5072 liapti·

708 5104 758 5159 per
770 5090 924 5148 Zaebariauv
936 5092 1036 5149 dietum
1050 5096 1246 5165 reperiremus?
1268 5095 1296 5153 st
1319 5098 1392 5154 euim
1416 5099 1495 5156 bodie
1546 5111 1644 5155 smrvvn.
1665 5097 1731 5153 llam
1745 5104 1773 5153 et
1793 5096 1863 5151 iilam
1874 5093 2035 5166 emptionem
2049 5093 2105 5164 agri
2119 5090 2170 5146 boe
2183 5091 2335 5161 signiticare

708 5177 846 5249 quaequam
856 5182 948 5239 volens
957 5182 1069 5255 aiicujus
1080 5186 1159 5241 verba
1173 5185 1305 5254 indicare,
1315 5187 1387 5245 dieat
1398 5205 1495 5247 nemea
1546 5190 1670 5249 lerenvie
1688 5188 1758 5246 divit
1767 5187 1915 5254 besaines,
1935 5185 1994 5255 nuta
2008 5184 2059 5239 erit
2074 5182 2225 5252 permansio
2239 5180 2274 5237 de
2287 5195 2334 5237 ea·

709 5269 846 5327 alteriusa
860 5287 914 5343 quo
926 5272 995 5330 dieta
1013 5292 1066 5331 non
1077 5278 1130 5332 sint
1146 5278 1166 5342 ¹.
1178 5278 1225 5350 qui
1235 5288 1323 5336 tamen
1336 5284 1372 5337 ait
1387 5283 1497 5339 amieis·
1547 5284 1668 5354 ptiritate
1679 5281 1849 5337 liberatarum
1861 5278 1887 5331 in
1899 5275 1943 5330 ills
1956 5282 2036 5329 terra.
2051 5273 2113 5328 liaeo
2126 5279 2252 5343 tanquam
2268 5270 2337 5328 deli·

709 5361 793 5418 datus
805 5372 833 5419 et
846 5362 1022 5422 familiaritate
1030 5367 1262 5438 coniunctissimus
1274 5372 1310 5428 illi
1324 5374 1401 5444 majus
1414 5375 1495 5432 verbs
1547 5375 1650 5433 amima
1667 5376 1677 5409 ¹
1698 5373 1839 5429 arbitratus
1851 5382 1930 5431 nrm,
1950 5379 2010 5419 eum
2031 5362 2202 5418 admonerem
2225 5363 2288 5436 quid
2309 5364 2338 5421 in

709 5452 907 5522 dioereroluit3
922 5464 950 5512 et
961 5456 1086 5512 eontinuu
1098 5459 1252 5517 reeordatus
1260 5462 1497 5533 ailrrnvpreaiioao
1548 5468 1591 5525 luis
1609 5463 1769 5540 propbetieis
1780 5457 1938 5517 testimoniis
1952 5457 1978 5512 la
1991 5469 2072 5512 unam
2091 5454 2206 5512 redactis
2217 5466 2245 5512 et
2258 5472 2339 5513 evan·

710 5541 819 5611 dixisse,
830 5544 1024 5617 iuvemlttpat
1034 5554 1114 5618 atam
1126 5549 1253 5620 corrigat,
1267 5560 1296 5606 ut
1308 5561 1395 5609 tannen
1407 5554 1495 5624 dieat,
1548 5562 1639 5635 gellen
1665 5550 1807 5616 narrationi
1831 5549 1952 5612 collatis,
1980 5547 2132 5622 diligentius
2161 5548 2339 5624 attentissimo

711 5632 784 5689 liene
795 5632 863 5701 dim
877 5631 939 5706 quid
948 5634 1020 5692 aliud
1031 5635 1211 5703 intuens.nisi
1221 5647 1319 5695 matam
1328 5641 1498 5701 intersmbns
1548 5655 1707 5727 requiratur.
1721 5649 1783 5706 lino
1796 5643 1952 5717 interposuit
1972 5639 2114 5699 ilattlteus
2135 5637 2171 5697 de
2192 5639 2258 5697 iuda
2282 5649 2339 5697 tra·

710 5738 770 5780 ease
782 5726 971 5793 concordiam,
993 5727 1063 5785 iuter
1077 5728 1149 5785 illuns
1162 5728 1264 5787 toiiioet
1276 5730 1441 5802 meinuverba
1456 5736 1497 5793 di-
1548 5744 1644 5801 ffinpn,
2083 5783 2085 5787 a

710 5815 1006 5883 cereraluit,etalium
1016 5813 1286 5892 euluseinomedpro
1300 5821 1371 5877 iliius
1389 5826 1498 5888 mimine
1548 5835 1661 5895 cppun
1686 5831 1753 5893 dili.
1773 5857 1810 5873 -
1831 5827 1871 5884 lie
1901 5824 1941 5882 iia
1964 5839 2021 5899 puer
2043 5823 2114 5896 apud
2134 5821 2248 5879 Pilatum
2271 5831 2341 5895 perte

710 5909 836 5975 occurrit,
855 5920 884 5965 ut
894 5911 946 5968 tale
953 5913 987 5968 sit
995 5913 1045 5971 boc
1053 5914 1247 5983 istumd'nvisae.
1255 5917 1498 5989 qtttletiiilediais·
1653 5934 1727 5990 runt,
1741 5920 1865 5994 momodo
1876 5919 1942 5973 inter
1953 5931 1980 5970 te
1991 5913 2056 5969 itiitt'i
2067 5912 2226 5968 dissentiant.

710 6000 876 6073 setiquanto
889 6005 1037 6077 magistrae
1050 6007 1084 6065 de
1096 6007 1236 6082 Prophetis
1248 6010 1346 6069 sancus
1354 6011 1500 6086 intelligen-
1584 6017 1629 6076 ιι.
1651 6013 1749 6071 beinde
1762 6010 1891 6082 sequitur,
1907 6014 1934 6061 et
1946 6003 2011 6060 dicit
2023 6020 2031 6058 r
2049 6020 2060 6055 a
2076 6001 2154 6059 lesus
2168 6011 2256 6059 autem
2269 6002 2341 6058 stetit

710 6086 808 6147 dumet
819 6093 1405 6169 mavimemmmeadandumiuievvtemaium
1416 6104 1498 6164 libros
1549 6117 1612 6165 ante
1626 6104 1782 6177 penatium,
1797 6111 1825 6157 et
1838 6093 2012 6166 interretiiii
2024 6107 2084 6150 ⁰⁰⁰¹
2097 6105 2213 6166 libidis
2227 6090 2341 6149 ‘ilidii'

743 6205 1067 6277 tirasnrmpeouvnttrn,
1080 6209 1397 6282 admaflsdmaadr.
1583 6205 1954 6282 ‘manutertiis-‚dim·
