5709 7534
690 859 742 920 trs
1128 853 1172 909 ue
1192 851 1314 910 nonest
1333 846 1468 904 conaus
1489 841 1639 908 seusun..
1659 839 1678 896 s
1708 840 1888 899 recusum
2269 823 2322 903 'sn

691 986 735 1035 tur
746 976 815 1047 quod
830 971 971 1044 Apostolus
983 971 1056 1035 dicit,
1074 968 1208 1023 Plenitudo
1221 975 1304 1019 autem
1317 962 1400 1033 Leqis,
1416 959 1479 1014 elra-
1533 955 1611 1012 idest
1623 955 1759 1023 Ecclesin,
1777 966 1806 1011 ut
1822 956 1875 1011 sint
1887 956 1940 1011 duo
1952 957 1978 1011 iu
1991 971 2072 1012 earne
2084 972 2147 1013 una.
2168 957 2238 1014 llicit
2248 962 2316 1018 enim

691 1061 986 1137 ritaslllom.11u‚lll);
999 1071 1026 1116 et
1037 1060 1174 1115 uideamus
1187 1058 1308 1112 eamdem
1323 1054 1479 1110 elmritatem
1533 1045 1676 1118 Apostolus
1689 1049 1773 1118 ipsum
1793 1061 1853 1103 esse
1866 1056 1945 1117 eaput
1958 1047 2097 1115 Ecclesiae,
2119 1058 2147 1106 et
2172 1051 2317 1108 Eeelassiam

690 1164 822 1233 precepto
830 1156 875 1209 illo
884 1155 991 1226 genuino
998 1152 1136 1213 contineri,
1148 1150 1243 1222 Diliqes
1254 1149 1388 1202 Dominum
1398 1145 1480 1198 ileum
1531 1151 1629 1207 eorpus
1640 1138 1698 1208 ejus
1713 1137 1819 1209 (Colore.
1834 1155 1853 1205 r,
1868 1138 1924 1207 llll.
1938 1138 2009 1209 Ergo
2021 1149 2047 1195 et
2062 1140 2118 1209 ipse
2128 1153 2320 1212 soporatusesr

694 1260 760 1305 tuum
770 1264 801 1301 ee
814 1246 953 1301 totocorde
966 1254 1018 1310 tuo,
1031 1254 1054 1299 et
1066 1260 1097 1298 ee
1108 1252 1160 1297 tata
1175 1244 1258 1295 anima
1274 1251 1326 1304 tun,
1338 1248 1360 1293 et
1378 1254 1409 1291 es
1427 1246 1480 1289 tatu
1531 1226 1691 1284 dannatione
1706 1229 1846 1298 passionis,
1865 1237 1894 1283 ut
1906 1230 1931 1284 ei
1944 1230 2040 1299 conjux
2052 1229 2173 1287 Ecclesia
2189 1230 2317 1292 formare·

690 1349 772 1394 urente
785 1347 848 1403 nra,·
862 1345 898 1403 ιι,
912 1337 1007 1408 Diliges
1023 1335 1164 1406 prasimum
1177 1342 1295 1402 tarrquarn
1312 1331 1438 1398 teipsam
1453 1328 1479 1380 in
1533 1327 1585 1386 lttr,
1600 1335 1678 1386 quam
1692 1319 1876 1377 dormitionem
1889 1331 1978 1377 cantu
1988 1337 2037 1393 per
2048 1322 2207 1394 prophetant
2220 1325 2317 1382 dicens:

688 1428 785 1500 quibus
801 1426 899 1481 diunius
912 1426 1043 1495 preceptis
1057 1434 1109 1479 tota
1124 1421 1177 1477 Les
1190 1422 1295 1492 pendet.
1311 1429 1334 1473 et
1346 1415 1479 1489 Prophetes
1533 1411 1588 1483 Epo
1606 1413 1721 1480 duranni,
1737 1422 1760 1467 et
1771 1429 1885 1468 sonrnum
1900 1416 1954 1485 cepi
1963 1431 1973 1478 ,·
1989 1426 2012 1470 et
2033 1417 2164 1471 exuerem
2173 1457 2182 1484 ,
2203 1420 2319 1488 quoniam

689 1519 698 1580 l
706 1515 802 1572 lotch.
817 1532 888 1580 xxn,
902 1514 995 1585 st-tti)
1007 1533 1014 1568 :
1027 1516 1084 1570 sine
1092 1513 1254 1569 dubitatione
1265 1510 1433 1579 intelligimus
1445 1506 1478 1561 ad

688 1607 813 1663 arborem
827 1607 889 1660 vitre
901 1620 953 1661 non
964 1605 1048 1660 solnm
1061 1619 1110 1674 per
1119 1603 1267 1658 flammeam
1279 1600 1406 1655 frameam
1420 1613 1479 1652 rcr-

690 1699 804 1762 sstilem,
815 1697 840 1751 id
853 1706 895 1753 est
909 1712 957 1766 per
970 1695 1134 1750 tolerantiam
1148 1691 1331 1761 temporalium
1345 1689 1480 1743 urolestia·

621 1858 625 1862 .
690 1803 761 1855 nrm,
775 1787 821 1844 sed
836 1790 914 1843 ctiam
928 1803 976 1856 per
990 1785 1178 1857 plenitudinem
1194 1781 1323 1844 scientim,
1340 1779 1364 1833 iu
1375 1787 1416 1833 est
1431 1792 1479 1847 per

690 1879 849 1936 charitatem
874 1880 976 1944 veniri3
999 1880 1060 1949 qnia
1081 1877 1103 1931 si
1125 1876 1288 1940 ciminum,
1304 1872 1405 1943 inquit,
1428 1887 1478 1925 nou

691 1971 811 2037 babeam,
824 1971 888 2025 nihil
901 1987 956 2025 rrum
967 1969 987 2041 (l
1002 1969 1060 2022 Gor.
1075 1983 1131 2032 xrrt,
1146 1966 1186 2035 2).

725 2059 838 2117 CAPUT
857 2060 951 2115 xxti.
965 2090 999 2099 —
1015 2059 1095 2111 Adam
1106 2057 1236 2121 Christus,
1252 2053 1305 2108 an
1318 2053 1440 2112 Ecclesia.

724 2153 769 2206 st.
790 2151 841 2206 Sed
863 2154 887 2203 in
904 2150 954 2205 hoc
969 2162 1092 2203 sermone
1105 2145 1237 2216 pollicitus
1251 2159 1308 2197 sum
1323 2141 1476 2197 considera·

689 2244 791 2298 tionem
810 2257 897 2296 rerum
911 2241 1058 2304 laetarum,
1081 2252 1159 2309 quarn
1177 2245 1240 2305 puta
1253 2234 1410 2304 explicatam
1426 2249 1433 2284 t
1450 2240 1478 2286 ιι

688 2332 786 2388 deinde
798 2325 1035 2387 considerationem
1051 2327 1207 2398 prophetin,
1222 2340 1281 2397 quae
1294 2332 1413 2379 remanet
1431 2338 1478 2377 es·
1488 2365 1501 2378 .

689 2419 810 2492 plicando
831 2421 887 2490 jam
908 2420 1031 2477 breuiter.
1055 2419 1143 2473 Posito
1164 2417 1236 2472 enim
1259 2425 1382 2485 tarrqnnm
1400 2413 1477 2484 signo

689 2513 805 2583 quodum
829 2512 970 2568 marriiosto
992 2526 1044 2582 quo
1066 2520 1161 2565 caetera
1175 2508 1332 2578 dirigantur,
1357 2522 1409 2561 non
1430 2506 1475 2561 diu

689 2618 756 2669 nos,
772 2612 898 2675 qnantum
925 2604 1049 2668 arbitror,
1072 2603 1121 2656 ista
1142 2600 1319 2655 consideratio
1337 2597 1474 2654 detinebit.

689 2692 759 2748 hictu
782 2692 853 2748 enlm
879 2694 1022 2763 Apostolus
1049 2699 1244 2746 sacramentum
1269 2704 1391 2759 rrmgnum
1405 2702 1475 2753 esse,

688 2783 758 2853 quod
772 2783 934 2848 dictumest,
948 2781 1054 2852 Propter
1068 2782 1113 2835 hoe
1125 2782 1246 2849 relinquet
1259 2781 1332 2834 leonio
1346 2789 1441 2850 patrem
1454 2789 1477 2832 et

688 2882 804 2936 matrem,
818 2882 841 2927 et
853 2873 988 2926 adlrnrehit
1003 2873 1078 2926 uxori
1087 2887 1158 2937 saee,·
1170 2880 1195 2924 et
1208 2880 1279 2923 erum
1294 2870 1344 2922 drea
1357 2870 1381 2921 in
1401 2886 1478 2921 carne

687 2980 739 3018 sna
751 2979 761 3017 .·
771 2962 841 3034 qnod
857 2963 913 3031 ipse
934 2962 1123 3033 iuterpretatur
1135 2959 1310 3029 subiicienda,
1328 2959 1381 3028 h'qo
1394 2954 1477 3011 uertens

687 3054 780 3108 dicein
798 3052 898 3108 Christo
916 3062 939 3105 et
952 3054 978 3107 in
994 3052 1106 3107 Ecclesia
1121 3051 1226 3124 (Ephes.
1242 3067 1268 3115 tt,
1282 3052 1325 3113 31,
1339 3050 1396 3120 δὲ),
1407 3052 1477 3120 h'rgn

686 3141 757 3213 quod
776 3157 824 3212 per
840 3141 976 3196 historiam
991 3142 1127 3212 impletum
1142 3151 1182 3196 cst
1202 3141 1228 3195 in
1245 3141 1338 3204 eldam,
1355 3157 1402 3210 por
1416 3156 1476 3210 pro·

686 3235 804 3307 photium
819 3235 950 3305 signifieat
958 3235 1104 3301 Christum,
1116 3236 1160 3307 qui
1171 3236 1277 3305 reliquit
1288 3248 1399 3304 putrem,
1415 3252 1476 3289 eum

686 3326 753 3381 dixit
776 3344 784 3379 ε
805 3325 861 3396 Eqa
881 3342 897 3378 a
914 3334 986 3394 patre
999 3325 1080 3390 esini,
1104 3333 1128 3378 et
1148 3324 1202 3377 aeni
1225 3325 1252 3376 iu
1275 3324 1342 3377 irruere
1357 3326 1477 3377 neuradam

689 3415 779 3487 (lacre.
790 3431 844 3480 ιιι,
855 3415 913 3487 28).
927 3416 984 3470 Non
999 3415 1057 3469 loeo
1070 3414 1188 3484 reliquit,
1201 3414 1262 3484 quia
1277 3414 1345 3467 herus
1356 3414 1414 3468 loen
1423 3429 1475 3468 non

687 3506 849 3571 sentinetur,
864 3521 949 3576 neque
962 3506 1100 3560 aversione
1126 3504 1243 3574 peceati,
1268 3504 1336 3558 sieut
1349 3514 1476 3573 apostate

687 3578 848 3664 relinquunt
861 3595 961 3660 Denm;
977 3595 1024 3650 scd
1038 3593 1191 3666 apparendo
1205 3595 1359 3649 hominibus
1382 3595 1407 3648 in
1429 3595 1477 3648 ho-

687 3684 771 3750 mine,
786 3699 846 3739 cum
860 3683 977 3739 Verbum
991 3699 1054 3739 earo
1068 3683 1165 3738 iactum
1185 3693 1243 3749 est,
1257 3693 1284 3738 et
1304 3683 1430 3737 habitarit
1451 3685 1475 3738 in

687 3772 765 3829 nobis
779 3772 833 3845 (ld.
856 3790 875 3839 r,
899 3775 954 3845 ld).
975 3774 1050 3842 Quod
1071 3774 1156 3844 ipsum
1171 3788 1223 3828 non
1243 3776 1476 3830 commutationem

687 3873 790 3922 naturae
804 3864 852 3920 hei
862 3863 1001 3935 signiticat,
1017 3863 1064 3919 sed
1084 3864 1279 3933 susceptionem
1294 3873 1395 3919 naturae
1408 3866 1475 3921 iule-

687 3956 768 4012 rioris
780 3970 911 4027 personae,
926 3956 1006 4011 idest
1024 3954 1146 4009 humanae
1163 3957 1183 4007 ⁸.
1197 3954 1236 4009 Ad
1250 3954 1300 4010 hoe
1313 3956 1382 4011 ualet
1396 3957 1476 4011 etiam

686 4046 758 4119 quod
775 4046 883 4113 dieitur,
896 4046 1066 4116 semetipsam
1081 4045 1217 4100 emuauinit
1231 4044 1364 4118 (Philipp.
1386 4062 1415 4112 u,
1431 4049 1474 4117 7);

685 4139 749 4210 queis
764 4153 816 4193 non
832 4139 858 4193 in
878 4152 909 4193 ea
924 4138 1185 4209 dignitatenpparuit
1205 4136 1356 4193 hominibus
1377 4140 1402 4193 iu
1423 4154 1476 4210 qua

635 4265 640 4276 ·
677 4233 728 4285 'est
741 4227 810 4299 apud
833 4228 957 4296 Patrem,
973 4226 1113 4283 blandiens
1133 4242 1226 4283 comm
1252 4229 1413 4295 infirmitati,
1430 4230 1475 4299 qni

686 4332 734 4373 eor
745 4317 873 4373 muudum
886 4317 1002 4373 nondum
1022 4317 1164 4384 habebant,
1178 4318 1249 4373 unde
1262 4319 1396 4375 rideretur
1411 4321 1476 4376 ller-

685 4408 749 4463 bum
760 4407 789 4463 in
804 4406 935 4478 principio
948 4408 1017 4463 Deus
1032 4407 1100 4477 apud
1115 4407 1198 4463 ὓιιιιιι
1218 4407 1306 4479 (lanu.
1321 4425 1339 4475 1,
1355 4410 1393 4484 l).
1407 4411 1474 4479 Quid

686 4504 729 4551 est
742 4511 807 4567 crgo
817 4496 887 4567 quod
898 4496 1023 4562 diximus,
1037 4496 1143 4567 reliquit
1163 4497 1280 4565 Patrem,
1294 4499 1355 4565 nisi,
1370 4501 1476 4571 reliquit

685 4600 816 4657 apparere
832 4586 984 4643 hominibus
996 4588 1063 4642 sieut
1076 4596 1118 4642 est
1129 4587 1199 4657 apud
1214 4588 1339 4643 Patrem?
1353 4589 1417 4645 hem
1431 4607 1474 4647 re·

685 4677 765 4749 liquit
782 4685 810 4732 et
832 4686 959 4745 matrem,
982 4677 1008 4732 id
1030 4687 1072 4732 est
1092 4677 1238 4749 synagoge
1255 4689 1372 4735 ueterem
1395 4690 1475 4751 atqrre

684 4770 819 4825 carnalem
834 4769 1057 4833 obseruationem,
1080 4784 1139 4839 quae
1154 4770 1191 4824 illi
1207 4780 1291 4825 ιιιιιιι
1304 4781 1361 4827 erat
1374 4787 1407 4827 ex
1430 4788 1474 4829 se·

685 4860 757 4917 mine
772 4859 854 4915 Dauid
867 4859 1012 4915 secundum
1025 4875 1143 4925 earnem,
1156 4870 1184 4916 ιι
1197 4861 1394 4919 adhesituxori
1406 4880 1472 4932 sum,

716 5016 725 5045 ¹
737 5015 774 5063 sie
785 5012 890 5074 vulgati,
903 5014 992 5075 quiluis
1012 5020 1065 5063 uss.
1090 5015 1129 5062 rix
1148 5013 1221 5077 aliqui
1238 5014 1406 5078 suffragantur.
1418 5026 1474 5069 nam

685 5074 832 5123 Aruullensis
843 5082 869 5123 et
880 5075 989 5122 ticuoriul
1000 5073 1048 5122 duo
1059 5087 1157 5132 rocem,
1212 5087 1285 5134 sonu,
1296 5079 1423 5128 omittunt:
1434 5080 1474 5131 alii

684 5146 772 5183 rnorem
783 5132 973 5191 meliorisnotae,
983 5135 1095 5195 equibus
1106 5142 1168 5185 esta·
1186 5135 1356 5193 eodeaieensis,
1364 5145 1474 5192 Gemme-

685 5195 794 5252 tiecnsis,
806 5193 975 5251 matelleusis,
987 5195 1214 5256 hegio-houtensis,
1230 5203 1253 5243 s.
1266 5197 1372 5246 Audoeni
1388 5201 1473 5251 hotho-

684 5256 823 5316 pragensis,
842 5254 998 5312 sorbonicus,
1014 5263 1109 5303 mtuss.
1121 5256 1211 5304 mrtlni
1229 5255 1261 5303 de
1271 5260 1378 5319 campis,
1391 5267 1417 5309 et
1450 5265 1473 5313 ni

684 5327 761 5365 annos·
771 5316 866 5364 circiter
877 5313 943 5363 mille
955 5313 1062 5376 praeiert,
1072 5314 1227 5377 quiquenlim
1237 5320 1383 5368 veronensis
1446 5337 1474 5373 ι-

683 5377 728 5427 siae
739 5375 783 5424 t‘uit
792 5377 880 5438 negius
890 5375 981 5434 eodex,
993 5377 1082 5425 omisso
1092 5377 1182 5434 serbo,
1193 5384 1300 5438 umore,
1316 5380 1351 5429 sie
1366 5381 1471 5435 habent:

684 5436 732 5487 sed
748 5436 919 5500 susceptionem
934 5434 1055 5499 inferioris
1071 5449 1194 5501 musone,
1206 5437 1233 5489 id
1249 5447 1285 5488 ιιι
1301 5437 1421 5492 humum.
1441 5453 1474 5497 ιιι

685 5500 759 5547 etiam
770 5497 860 5546 tributu
871 5497 940 5546 nedae
957 5495 1084 5558 collectio,
1098 5499 1129 5547 ad
1139 5511 1192 5561 esp.
1203 5500 1297 5561 sepse
1309 5502 1338 5550 ad
1348 5503 1472 5567 Ephesios,

684 5567 737 5609 tum
751 5559 775 5607 ιιι
787 5560 891 5617 excusis,
905 5565 955 5607 tum
966 5560 990 5607 iu
1000 5560 1138 5610 corbeiensi
1149 5562 1231 5610 eeutice
1241 5565 1288 5611 sub
1299 5565 1395 5614 nomIne
1412 5565 1473 5620 riori

684 5632 756 5670 nanu
767 5619 845 5669 deseri
864 5626 896 5669 to.
909 5619 974 5678 Quod
984 5620 1110 5671 loetnlonis
1119 5635 1199 5685 gentes
1215 5635 1244 5671 ea
1259 5621 1317 5686 lege
1333 5625 1473 5691 intelligen-

683 5683 758 5743 clsun,
768 5692 816 5745 qua
827 5635 884 5731 aba
895 5693 950 5731 ιιιιι
965 5688 1065 5732 reseres
1075 5683 1156 5733 ᾱίιιιιιι
1166 5685 1270 5733 terbum
1281 5687 1417 5748 suscepisse.
1428 5690 1472 5741 ho-

683 5745 784 5805 mem,
795 5744 948 5805 susceptione
958 5741 1081 5804 uidelicet,
1090 5752 1117 5794 ut
1127 5745 1243 5809 theologi
1253 5747 1335 5804 aiunt,
1347 5752 1473 5803 tenninate

684 5805 714 5855 sd
725 5806 779 5865 boe,
791 5811 819 5855 nt
828 5806 933 5854 verbum
941 5805 1019 5865 ipsum
1034 5807 1168 5867 suscipiens
1180 5810 1268 5857 existat
1278 5807 1350 5857 homo
1360 5809 1431 5862 tilius
1457 5829 1472 5865 e

684 5865 863 5938 hominisque
879 5873 918 5915 est
934 5866 1036 5937 hosanna
1047 5879 1158 5928 persona.
1172 5876 1226 5917 nam
1237 5869 1296 5919 alias
1311 5879 1419 5921 naturam
1431 5827 1474 5925 bb-

683 5930 756 5978 suauis
766 5930 789 5979 iu
801 5940 911 5990 porsome
921 5934 1039 5977 unitatem
1049 5940 1064 5977 a
1075 5931 1153 5979 verbo
1169 5938 1305 5992 susceptum
1316 5932 1391 5984 luisse
1401 5935 1474 5989 docet

644 6040 648 6050 ,
683 5998 822 6065 ωιιειιῃῑιι
834 5989 987 6100 sugentium,
998 5989 1067 6051 cujus
1076 5989 1196 6040 celebrior
1208 6000 1246 6043 est
1257 5991 1296 6042 illa
1307 5996 1427 6065 sententie
1440 6012 1472 6048 ex

686 6050 1473 6183 asetimnathrth'li'dshitlthtma

688 6181 835 6284 «murram,
848 6181 874 6222 et
888 6175 956 6225 solita
972 6174 1113 6228 sttlrlimaret
1123 6178 1232 6235 inscitius.
1244 6188 1271 6233 et
1288 6180 1383 6233 insolita
1397 6184 1474 6235 solitis

689 6249 701 6280 a
730 6246 736 6263 ·
755 6243 887 6295 speraret-s

1531 1502 1657 1558 Dominum
1670 1506 1777 1573 suscepit
1789 1522 1829 1559 me
1841 1505 1925 1576 (Psal.
1940 1523 1982 1573 nr,
2000 1507 2040 1577 a).
2055 1507 2179 1563 formata
2199 1518 2242 1565 cst
2258 1524 2319 1581 ergo

1530 1595 1555 1649 ei
1568 1595 1662 1665 conjux
1678 1596 1795 1652 Ecclesia
1808 1597 1841 1653 de
1852 1598 1933 1653 latere
1942 1598 2009 1669 ejus,
2024 1598 2049 1654 id
2062 1608 2103 1654 est
2112 1599 2146 1654 de
2160 1599 2212 1655 lhle
2221 1603 2318 1670 passio·

1530 1686 1572 1739 nis
1591 1695 1618 1740 et
1635 1687 1770 1757 baptismi.
1793 1687 1859 1743 Nam
1880 1704 2033 1758 percussum
2052 1690 2123 1744 latus
2143 1690 2202 1758 ejus
2217 1691 2316 1757 lancea,

1529 1776 1684 1847 sauguinem
1698 1787 1725 1832 et
1738 1793 1832 1847 uquam
1845 1777 1960 1849 proludit
1974 1778 2062 1850 (loon.
2076 1795 2132 1845 ιιι,
2147 1780 2206 1850 bl).
2224 1780 2316 1836 l'aetns

1529 1879 1634 1936 autem,
1653 1881 1681 1925 ιιι
1701 1870 1857 1941 supradixi,
1872 1888 1904 1927 es
1914 1874 2007 1927 semine
2021 1873 2103 1927 Dauid
2111 1874 2252 1948 ιιιιιιιιιιιι
2264 1892 2317 1929 car·

1530 1977 1597 2026 uem,
1612 1961 1680 2016 sicut
1691 1962 1834 2031 Apostolus
1844 1961 1907 2017 dicit
1922 1962 2008 2035 (Rern.
2022 1979 2041 2032 ι,
2050 1963 2089 2036 3),
2104 1964 2131 2020 id
2140 1974 2183 2020 est
2194 1974 2316 2036 tanquam

1529 2049 1636 2105 delimo
1649 2059 1738 2118 terrae,
1754 2067 1813 2106 eum
1829 2052 1908 2107 homo
1920 2069 1973 2107 non
1983 2064 2054 2109 esset
2067 2055 2111 2125 qui
2124 2066 2280 2125 operaretur
2292 2058 2316 2112 iu

1529 2147 1610 2205 terra,
1626 2140 1790 2211 quianullus
1809 2141 1889 2196 horna
1910 2151 2033 2212 operatus
2056 2153 2097 2199 est
2112 2144 2139 2199 iu
2153 2144 2271 2216 Virgine,
2285 2145 2317 2201 de

1528 2245 1579 2301 qus
1594 2240 1671 2286 natus
1685 2241 1726 2286 est
1737 2231 1868 2288 Christus.
1884 2231 1908 2285 F
1908 2249 1954 2287 ons
1967 2243 2050 2287 autem
2061 2232 2212 2288 anerrdebat
2223 2234 2255 2289 de
2266 2244 2316 2290 ter·

1528 2338 1569 2385 ra,
1584 2330 1607 2376 et
1619 2322 1740 2393 irriqabat
1754 2340 1852 2379 omnent
1869 2324 1959 2393 faeiem
1972 2333 2053 2379 terre.
2070 2323 2162 2380 Facies
2175 2333 2273 2391 terre,
2291 2327 2315 2382 id

1528 2417 1570 2465 est
1584 2410 1699 2480 dignitas
1711 2420 1803 2478 lemn,
1820 2421 1905 2468 mater
1918 2414 2019 2468 hiemini
2031 2415 2104 2484 uirga
2119 2414 2202 2469 llaria
2222 2416 2315 2471 rectis-

1528 2501 1595 2558 sime
1612 2503 1750 2573 accipitur,
1771 2519 1849 2574 qnam
1863 2504 1979 2575 irrigarit
1992 2504 2106 2575 Spiritus
2129 2514 2248 2575 sanetus,
2273 2508 2315 2578 qui

1528 2591 1609 2647 lentis
1634 2602 1661 2647 ιι
1688 2608 1763 2663 sque
1796 2595 1902 2649 nomine
1931 2595 1957 2648 in
1989 2594 2132 2665 Evangelio
2153 2595 2317 2665 signillcetur

1528 2687 1619 2758 (dean.
1633 2704 1678 2755 vn,
1693 2689 1738 2756 38,
1754 2688 1799 2760 aa)
1813 2706 1821 2753 ;
1849 2696 1877 2743 nt
1891 2689 1966 2759 quasi
1979 2688 2012 2743 de
2026 2689 2091 2743 limo
2105 2687 2151 2743 tali
2174 2687 2257 2743 homo
2275 2688 2316 2743 ille

1528 2781 1604 2837 lieret
1620 2781 1641 2847 ¹,
1655 2782 1699 2852 qni
1712 2782 1870 2837 constitutus
1883 2782 1960 2836 estin
1972 2782 2104 2851 paradiso,
2121 2789 2149 2835 ut
2164 2789 2317 2850 operaretur

1528 2881 1555 2927 et
1565 2872 1721 2935 custodiret,
1733 2872 1758 2925 irl
1769 2881 1809 2927 est
1820 2872 1846 2925 in
1856 2871 1989 2925 ιοιιιιιιιιι
2002 2870 2096 2936 Patris,
2110 2879 2139 2926 ut
2151 2883 2212 2926 eam
2227 2869 2316 2939 imple·

1528 2972 1655 3032 rotatque
1667 2973 1795 3017 seruaret.

1528 3052 1640 3109 CAPUT
1659 3052 1742 3108 XXV.
1757 3083 1793 3094 -
1809 3051 1928 3107 iloeretici
1944 3064 1967 3107 et
1983 3052 2118 3108 lianichoei
2131 3052 2260 3116 nmcirm,
2276 3067 2317 3122 per

1774 3153 1912 3213 serpentem
1937 3144 2071 3215 desipuisti.
2153 3141 2159 3150 '

1563 3234 1608 3289 38.
1628 3235 1693 3291 Nam
1709 3244 1870 3306 praeceptum
1884 3234 1954 3306 quod
1973 3235 2085 3304 accrepit,
2102 3249 2152 3289 rios
2165 3234 2314 3303 accepimus

1528 3325 1557 3380 in
1571 3325 1636 3392 illo,
1651 3326 1710 3396 quia
1724 3327 1902 3396 unusquisque
1917 3326 2077 3380 christianus
2094 3339 2147 3380 nou
2172 3325 2315 3394 irreungrue

1528 3416 1641 3470 sustinet
1652 3431 1791 3485 personam
1803 3417 1909 3479 Christi.
1921 3416 2028 3472 dicento
2038 3418 2095 3486 ipso
2107 3417 2232 3472 honrino:
2244 3415 2316 3482 Onnd

1528 3506 1623 3577 fecistis
1636 3507 1680 3559 uui
1692 3523 1723 3560 es
1736 3506 1846 3560 nrinimis
1864 3508 1935 3573 erras,
1950 3507 2011 3560 milri
2025 3507 2119 3578 [edetis
2132 3504 2239 3578 (narrt.
2255 3522 2314 3568 xxv,

1528 3596 1585 3666 lh).
1601 3596 1686 3665 Atque
1700 3597 1800 3651 utinam
1823 3596 1982 3659 frueremur,
2005 3597 2073 3652 sieut
2087 3608 2128 3652 est
2142 3606 2314 3667 preceptum,

1528 3686 1817 3758 omnilignnparodisi,
1840 3687 1911 3758 quod
1934 3686 2065 3757 siguificat
2087 3688 2239 3757 spirituales
2249 3687 2315 3743 deli·

1527 3779 1599 3843 eias;
1614 3776 1724 3832 Fructus
1742 3789 1826 3833 antem
1838 3779 1941 3847 spiritus
1954 3787 2004 3843 est,
2030 3778 2158 3846 elroritas,
2183 3778 2314 3851 gaudium,

1528 3886 1590 3941 pas,
1606 3871 1791 3943 louqauimltas,
1804 3870 1951 3941 leniqnitus,
1962 3869 2069 3933 bonitas,
2085 3868 2159 3936 fides,
2171 3877 2316 3924 mensenat-

1528 3961 1580 4027 do,
1597 3962 1763 4027 continentia,
1784 3962 1852 4017 sieut
1872 3961 2017 4031 Apostolus
2030 3961 2094 4016 elicit
2107 3963 2119 4031 (
2124 3959 2212 4016 Galat.
2225 3976 2253 4025 s,
2268 3961 2314 4028 Ἠ,

1527 4049 1573 4121 93)
1592 4069 1598 4105 :
1614 4062 1640 4107 et
1660 4067 1713 4106 nou
1738 4061 1904 4122 tangeremus
1919 4052 2017 4122 lignum
2040 4051 2066 4106 in
2089 4050 2179 4107 medio
2201 4051 2314 4122 paradisi

1527 4139 1673 4210 mentatum
1689 4142 1807 4196 scientie
1817 4141 1879 4197 boui
1892 4149 1919 4197 et
1929 4141 2001 4205 rurali,
2023 4140 2048 4196 ld
2063 4149 2173 4196 estnon
2187 4142 2314 4198 vellemus

1527 4232 1668 4301 superbire
1678 4231 1712 4286 de
1725 4241 1818 4286 natura
1833 4241 1933 4296 nostra,
1945 4247 2020 4302 qnae,
2038 4232 2107 4286 sieut
2116 4235 2173 4301 jam
2187 4232 2312 4298 diximus,

1527 4319 1684 4385 mediaest,
1700 4330 1729 4374 nt
1742 4320 1845 4391 decepti
1859 4322 2040 4391 experiremur
2054 4321 2116 4392 qnid
2130 4321 2237 4378 intersit
2247 4322 2315 4379 irrter

1526 4412 1673 4483 simplicem
1683 4412 1762 4468 lldem
1774 4413 1942 4478 catholicam,
1954 4425 1980 4466 ιι
1990 4412 2106 4467 fallacias
2116 4412 2312 4469 haeretieorum!

1526 4502 1563 4558 ita
1575 4502 1645 4557 enim
1661 4503 1830 4572 pervenimus
1844 4503 1878 4557 acl
1899 4502 2106 4574 dignoscentiam
2121 4502 2224 4560 boniet
2242 4504 2313 4560 mali.

1527 4595 1598 4650 Nam
1611 4605 1724 4663 oportet,
1748 4596 1849 4667 inquit,
1865 4596 1940 4650 etiam
1964 4594 2070 4651 irereses
2086 4610 2156 4660 esse,
2177 4606 2205 4650 ιιι
2217 4595 2314 4668 probati

1526 4686 1652 4757 mulgeat
1665 4687 1728 4753 piant
1745 4686 1810 4740 iuter
1820 4701 1863 4741 aas
1876 4684 1904 4756 )Ι
1918 4684 1976 4740 Car.
1992 4701 2037 4751 ιι,
2052 4684 2110 4758 lb).
2132 4686 2239 4743 Blesum
2256 4701 2313 4743 ser·
2350 4696 2358 4708 ·

1527 4793 1593 4849 pens
1604 4777 1648 4833 ille
1661 4776 1806 4833 secundum
1821 4775 1997 4847 prophetiam,
2010 4775 2198 4832 hereticorum
2212 4791 2313 4834 uenena

1526 4868 1666 4940 significat,
1680 4877 1707 4924 et
1725 4868 1839 4923 maxime
1859 4868 1968 4921 isaurum
1982 4865 2199 4934 llauichoeorum,
2211 4877 2240 4924 et
2252 4867 2312 4938 qui·

1525 4961 1741 5031 cumquelleteri
1757 4960 1926 5015 Testamenta
1949 4958 2133 5015 adversantur.
2159 4959 2218 5017 Non
2242 4960 2311 5018 entim

1525 5051 1622 5123 aligrrid
1635 5049 1800 5106 marrilestius
1814 5052 2015 5120 praenuntiatum
2029 5051 2153 5120 arhitror,
2162 5052 2313 5124 qrraruistos

1526 5142 1553 5196 in
1567 5142 1613 5197 illo
1627 5151 1769 5210 serpente,
1786 5142 1826 5196 uel
1841 5141 1926 5211 potius
1946 5142 2018 5196 illum
2034 5142 2133 5198 inistis
2154 5158 2216 5199 esse
2226 5143 2311 5198 uiten-

1526 5232 1598 5286 dum.
1613 5232 1681 5286 Nulli
1690 5233 1760 5287 enim
1773 5232 1908 5303 loquacius
1918 5233 2144 5303 utquejaetantius
2157 5234 2313 5305 promittant

1525 5322 1663 5376 seientiam
1689 5322 1797 5376 boniet
1822 5323 1902 5388 mali;
1926 5333 1953 5378 et
1978 5325 2004 5377 in
2025 5322 2082 5393 ipso
2103 5323 2230 5392 homine,
2257 5331 2313 5380 tnn-

1525 5426 1603 5481 quum
1624 5413 1650 5465 in
1670 5411 1766 5467 arbore
1783 5428 1842 5483 quae
1858 5413 1973 5483 plantata
1991 5421 2031 5467 est
2048 5413 2074 5466 in
2086 5412 2174 5469 aredio
2186 5411 2311 5483 paradisi,

1525 5517 1583 5559 eum
1604 5503 1813 5573 dignoscentiam
1833 5502 2062 5559 demonstraturos
2084 5520 2115 5559 se
2130 5519 2195 5560 esse
2214 5520 2313 5575 praesu·

1525 5601 1609 5648 munt.
1624 5594 1656 5648 u't
1666 5593 1746 5648 etiam
1758 5594 1822 5648 illud
1832 5594 1901 5664 quod
1915 5594 2082 5678 dietum-est,
2095 5593 2176 5649 Eritis
2186 5595 2253 5649 sicut
2266 5594 2311 5661 dii,

1525 5684 1569 5755 qui
1581 5684 1626 5739 ulii
1640 5685 1724 5755 magis
1735 5684 1827 5740 diotmt
1839 5700 1918 5755 qurum
1937 5685 1991 5750 isti,
2013 5684 2059 5755 qui
2070 5700 2117 5755 per
2130 5701 2207 5741 suam
2221 5700 2314 5766 super·

1525 5774 1586 5829 ham
1598 5775 1756 5841 uanitatem,
1772 5767 1893 5831 eamdem
1912 5775 2063 5845 superbiam
2089 5776 2253 5845 persuadere
2270 5791 2315 5833 eo·

1525 5875 1630 5932 nentes,
1650 5865 1784 5921 aliermont
1797 5866 1912 5920 animam
1932 5866 2089 5922 naturaliter
2102 5866 2156 5924 hoe
2168 5882 2231 5924 esse
2245 5866 2313 5939 quot

1527 5959 1595 6014 heus
1608 5958 1668 6013 estl
1684 5958 1717 6011 Ει
1727 5957 1762 6012 nd
1780 5973 1848 6027 quos
1861 5956 1945 6028 magis
1963 5958 2079 6028 pertinet
2095 5960 2201 6029 apertio
2221 5976 2308 6017 eamn·

1526 6051 1589 6105 liuor
1602 6048 1750 6114 oculorum,
1774 6063 1854 6118 quam
1875 6049 1908 6104 ad
1930 6049 1997 6104 istos
2011 6050 2057 6120 qui
2075 6051 2169 6107 relicta
2188 6052 2315 6109 interiore

1558 6183 1565 6214 ¹
1579 6186 1671 6231 ιιιιιιι.
1687 6186 1714 6229 ,ιι
1726 6181 1808 6230 excusi
1822 6179 1928 6244 babent,
1941 6189 1967 6232 at
1977 6177 2055 6246 qualis
2065 6179 2096 6232 de
2107 6179 2317 6248 enneminta

1528 6242 1595 6296 bourn
1605 6240 1646 6293 ille
1655 6239 1733 6306 peret.
