5709 7534
609 859 678 917 ,ooo
1012 848 1057 913 aa
1075 846 1247 905 consenso
1267 841 1591 912 nranomsrmuu,
1611 845 1641 902 s.
1660 847 1839 906 nucusruu
2175 854 2245 915 troo

608 970 734 1039 caeditur,
755 965 826 1040 quael
845 974 872 1023 et
888 973 950 1021 anta
960 974 989 1020 et
1002 971 1095 1035 postea
1108 960 1228 1032 quadam
1241 958 1337 1016 similia
1355 957 1398 1013 rel
1451 971 1503 1028 qua
1517 958 1664 1014 excelsiore
1676 971 1749 1030 parte
1759 965 1953 1045 montisprimo
1962 980 2023 1023 suun
2032 967 2098 1024 solis
2107 955 2245 1041 discipads

498 1123 501 1127 .
609 1059 792 1120 eedcarsmbo
805 1064 1067 1122 nsmmnt,ornon
1083 1051 1198 1109 absurde
1211 1053 1398 1107 sentiaturco
1453 1045 1594 1101 llorninum
1617 1050 1713 1118 luisse,
1728 1053 1833 1122 quondo
1847 1070 1880 1110 ex
1897 1057 1936 1112 eis
1954 1057 2014 1113 illos
2028 1057 2171 1115 duodecim
2184 1061 2244 1118 ele·

609 1167 669 1208 rum
687 1150 853 1207 narrationes
872 1148 931 1205 luae
943 1142 1167 1217 interponentium
1182 1143 1208 1197 in
1221 1141 1320 1197 eisdem
1333 1140 1399 1194 locis
1451 1139 1489 1208 git
1502 1156 1510 1192 ι
1524 1138 1620 1196 deinde
1632 1158 1693 1198 cum
1708 1145 1748 1199 eis
1756 1145 1944 1217 descendisse,
1959 1164 2012 1205 aon
2025 1149 2064 1206 de
2073 1160 2183 1219 monte,
2197 1152 2244 1209 sed

608 1253 637 1300 et
646 1243 740 1300 diehus
751 1256 812 1299 esso
831 1240 1036 1299 venusttum
1048 1235 1188 1293 llatthaeus
1202 1234 1253 1291 lnoc
1266 1236 1300 1289 its
1312 1232 1376 1289 elicit
1389 1248 1397 1285 ε
1452 1227 1486 1284 dc
1502 1228 1558 1300 ipss
1571 1233 1669 1287 montis
1683 1233 1840 1292 celsitudine
1859 1237 1887 1293 in
1905 1249 2082 1312 campestrem
2095 1242 2202 1309 laneum,
2218 1242 2243 1299 id

610 1334 643 1390 ht
661 1344 753 1389 secata
770 1343 828 1389 sant
845 1348 903 1388 eunt
916 1332 996 1387 tarda
1009 1328 1095 1384 multa
1109 1327 1141 1382 de
1150 1326 1267 1392 Galilaea,
1280 1335 1305 1380 et
1318 1323 1399 1379 licca-
1451 1329 1508 1388 est,
1529 1321 1556 1377 in
1580 1324 1695 1394 aliquam
1716 1327 1912 1397 equalitatem,
1926 1345 1986 1400 quse
2001 1331 2027 1386 ln
2041 1331 2126 1388 latere
2146 1334 2244 1390 montis

609 1424 676 1495 poli,
698 1433 722 1480 et
740 1422 923 1495 termiensis,
938 1430 963 1476 et
973 1420 1067 1475 iadau
1079 1429 1102 1474 et
1120 1418 1152 1472 de
1167 1427 1238 1472 trans
1248 1416 1397 1471 tardarem.
1452 1408 1525 1480 erat,
1543 1421 1571 1469 et
1584 1414 1680 1471 multas
1694 1418 1784 1473 turicas
1798 1434 1895 1491 erpere
1911 1430 2034 1493 potcmt3
2048 1431 2130 1496 atque
2141 1424 2177 1480 ihi
2192 1435 2244 1482 ste

613 1514 707 1570 l'idcns
718 1525 802 1570 asten
816 1514 902 1569 terias
911 1510 1064 1568 ascenditis
1075 1518 1201 1572 aeonum:
1214 1518 1238 1563 et
1250 1525 1308 1563 mm
1320 1507 1400 1563 sedis-
1453 1500 1516 1558 tissa
1527 1503 1613 1560 donec
1632 1505 1665 1560 ad
1678 1522 1740 1563 eum
1755 1510 1838 1566 tarhoe
1849 1524 2091 1584 congregarentur:
2107 1529 2142 1571 ac
2155 1526 2244 1586 postea

607 1616 661 1671 sst,
677 1614 833 1660 accesserant
846 1602 881 1658 ad
901 1619 959 1658 esne
979 1600 1097 1672 discipali
1116 1601 1180 1670 rjus.
1194 1598 1358 1671 disperiens
1372 1614 1400 1655 as
1451 1609 1513 1650 cum
1524 1596 1651 1663 sedisset,
1662 1601 1807 1658 accessisse
1820 1604 1994 1676 propinquius
2009 1606 2155 1679 discipulos
2168 1610 2242 1679 ejus,

609 1712 682 1751 ussa
700 1696 803 1755 doesiut
820 1694 960 1750 sardicens
973 1709 983 1749 .·
996 1691 1068 1748 Beati
1080 1707 1204 1761 pauperes
1215 1691 1320 1762 spirita,
1335 1706 1399 1761 quo·
1451 1694 1531 1756 atque
1551 1687 1586 1742 ita
1608 1688 1660 1745 illis
1680 1692 1840 1764 ceterisque
1864 1696 1948 1752 turhis
1969 1698 2145 1768 praesentibus
2164 1716 2243 1758 unum

610 1791 680 1845 aare
694 1789 807 1861 ipsoram
819 1797 856 1844 cst
872 1803 976 1860 mesot
990 1786 1126 1851 colomna,
1140 1793 1168 1840 et
1181 1792 1276 1839 cutem
1293 1781 1398 1856 (doeth.
1452 1774 1577 1834 habam
1590 1794 1758 1863 emmonem,
1772 1799 1853 1854 quem
1867 1785 2008 1844 Matthaeus
2023 1788 2163 1862 Lucaeque
2183 1806 2244 1847 nar·

610 1896 646 1946 rr,
659 1879 770 1948 idun,
782 1876 897 1951 idhliic
909 1886 997 1949 potest
1007 1875 1090 1932 rideri
1105 1874 1202 1930 multas
1213 1874 1304 1929 turbas
1317 1873 1400 1928 ultore
1452 1877 1564 1935 stratui,
1590 1870 1698 1927 diverso
1718 1874 1843 1931 narrandi
1863 1876 1960 1946 modo,
1985 1878 2033 1935 sed
2053 1880 2149 1936 eadem
2173 1881 2243 1937 rcri-

611 1972 743 2032 roluissc.
758 1981 786 2025 et
803 1969 901 2025 ohlroc
914 1967 1066 2024 ascendisse
1085 1968 1112 2021 in
1125 1972 1399 2034 muntem,tanqnanr
1453 1967 1507 2015 tate
1529 1976 1618 2018 rernm
1641 1973 1669 2021 et
1690 1968 1897 2037 sententiarum,
1919 1984 1986 2042 qaas
2006 1973 2087 2029 autho
2109 1973 2243 2032 eluxerunt

611 2062 785 2120 aeccdcudoa
799 2061 897 2125 uirbis,
911 2067 941 2116 ut
948 2060 1013 2115 solis
1024 2059 1080 2114 suis
1088 2057 1226 2128 discipulis
1236 2057 1398 2126 loqueretur.
1452 2052 1510 2109 lam
1522 2055 1594 2111 eninr
1611 2060 1834 2128 praentoouimus,
1848 2062 1919 2134 quod
1932 2071 1961 2120 et
1972 2064 2047 2120 nullo
2062 2070 2243 2136 pemmoneotc

610 2155 661 2212 Cui
682 2155 721 2212 rei
734 2154 837 2211 ridetur
856 2152 975 2209 attestari
996 2151 1076 2208 etiam
1101 2149 1203 2217 Lucas,
1218 2149 1253 2204 ita
1266 2162 1378 2203 narrans
1391 2164 1399 2202 ε
1452 2143 1594 2216 unicuique
1605 2156 1700 2216 sponte
1713 2149 1854 2206 videndum
1869 2150 1933 2216 full,
1947 2154 1970 2210 tl
1989 2154 2049 2224 quis
2060 2156 2245 2226 pretennduss

611 2246 719 2300 Fadum
727 2254 764 2301 est
775 2254 858 2300 auen
868 2245 894 2299 in
906 2243 957 2298 iilis
969 2242 1055 2297 dicim
1065 2241 1146 2306 ,enit
1157 2242 1184 2295 in
1193 2249 1300 2295 monton
1310 2254 1399 2307 orara,
1452 2234 1551 2305 aliquid
1565 2236 1636 2307 quad
1648 2238 1717 2294 alius
1729 2238 1816 2306 dieat,
1830 2257 1883 2297 non
1893 2256 1954 2300 csse
1964 2246 2149 2312 contrarium
2164 2246 2244 2302 nessi

610 2345 634 2392 et
650 2344 704 2394 erat
723 2344 870 2406 pernoctem
884 2335 911 2389 in
928 2333 1043 2388 matiana
1058 2330 1115 2386 hai.
1139 2330 1172 2386 Et
1184 2331 1401 2402 cameles-sactus
1453 2325 1520 2381 alius
1533 2327 1587 2383 olio
1599 2329 1679 2385 ruodo
1691 2332 1790 2402 aliquid
1800 2332 1887 2403 dicat,
1901 2334 1964 2391 dum
1974 2336 2068 2392 cadem
2081 2353 2173 2393 rerum
2186 2352 2245 2393 sea·

609 2438 690 2497 essct,
711 2427 805 2485 amarit
823 2424 961 2498 discipulos
979 2440 1056 2492 ssos,
1073 2432 1100 2491 ¹et
1124 2422 1196 2493 clepit
1220 2420 1351 2476 duodecim
1370 2432 1402 2475 ca
1454 2417 1648 2489 tantarumque
1668 2421 1926 2494 ueritaserplioctur
1939 2442 1947 2481 ε
1962 2432 1991 2481 ut
2013 2425 2085 2497 quod
2107 2426 2246 2484 llsttlroeas

610 2519 685 2588 ipsis,
695 2516 931 2590 quosdhpostolos
941 2514 1078 2571 nominarit
1092 2528 1102 2570 r
1117 2511 1261 2575 Simonem,
1277 2527 1349 2582 quem
1359 2526 1402 2565 co-
1454 2507 1503 2574 ait,
1517 2507 1579 2563 Gsrn
1591 2519 1675 2564 mern
1688 2513 1853 2570 descendisset
1867 2516 1901 2571 de
1915 2527 2014 2587 mate,
2025 2519 2105 2576 dmul
2120 2520 2201 2577 etlam
2213 2519 2245 2579 ds
2273 2572 2275 2577 ,

611 2611 762 2683 nominarit
776 2607 930 2673 ramme
942 2606 1067 2662 Andrean
1082 2604 1187 2675 fratrem
1196 2604 1260 2675 ejas,
1274 2601 1401 2656 daccharus
1453 2595 1499 2653 illo
1511 2602 1653 2670 campestri
1675 2600 1734 2658 luco
1747 2605 1793 2676 qui
1814 2606 1840 2660 ln
1863 2606 1946 2664 latere
1958 2609 2056 2665 meritis
2069 2625 2132 2667 esse
2143 2612 2245 2683 potnit,

610 2698 787 2766 etioannens,
801 2696 951 2768 Phidippum
969 2705 993 2749 et
1009 2691 1236 2756 Bartholomaeus,
1251 2690 1402 2745 liatthoesm
1454 2686 1622 2760 intelligutur.
1647 2692 1748 2749 lleinda
1768 2694 1906 2753 henaena
1929 2697 1964 2755 de
1987 2699 2095 2770 leproso
2118 2701 2245 2758 mundato

610 2799 634 2846 st
650 2785 922 2855 leontomachiam
938 2784 1039 2856 Alphei
1051 2793 1075 2840 et
1090 2782 1220 2840 Simonem
1237 2781 1281 2853 qai
1299 2791 1403 2836 meatur
1453 2781 1641 2851 narrat,quod
1652 2783 1732 2841 etism
1744 2764 1848 2844 flaccus
1859 2797 1887 2844 et
1898 2767 1990 2845 Lucas
1994 2789 2128 2847 similiter.

610 2881 723 2944 Zelotes,
733 2878 829 2933 iudam
841 2876 933 2933 iacchi
944 2875 1071 2931 etiedant
1084 2873 1218 2940 scarioth,
1229 2873 1271 2944 qrsi
1282 2873 1330 2942 [uit
1342 2890 1402 2941 pro·
1453 2863 1566 2924 CAPUT
1575 2869 1634 2926 xx.
1644 2902 1677 2915 ·-
1691 2873 1822 2940 Quomodo
1837 2877 1906 2932 dicat
1917 2876 2053 2934 flantium
2069 2877 2245 2936 cenum

610 2974 686 3030 ditor.
697 2971 731 3026 lit
742 2971 958 3026 dmadsascem
971 2967 1023 3023 iilis
1034 2967 1102 3023 stetit
1113 2967 1140 3021 in
1153 2965 1208 3020 loca
1221 2965 1364 3035 campestri,
1378 2974 1402 3020 et
1488 2959 1524 3012 cti
1540 2977 1598 3015 earo
1616 2966 1750 3020 acccsdsse
1773 2984 1820 3037 pro
1842 2984 1920 3038 puers
1940 2985 2067 3038 saa,csss
2083 2969 2169 3027 Lucas
2181 2971 2246 3027 eisd

609 3064 685 3119 tarda
694 3062 877 3132 discipulorum
891 3061 962 3132 ejas,
977 3069 1002 3116 et
1011 3058 1146 3114 multitado
1155 3058 1257 3127 copiosa
1269 3055 1356 3125 aledis,
1370 3056 1402 3111 ah
1488 3053 1557 3125 quod
1568 3057 1662 3110 amicos
1673 3057 1708 3110 ad
1721 3074 1778 3112 eam
1790 3060 1895 3115 eriserit.

613 3153 683 3209 omni
699 3151 803 3216 iudea,
822 3162 845 3207 et
862 3150 1021 3217 dormiens,
1034 3158 1058 3204 ct
1069 3150 1211 3216 monidion,
1232 3158 1257 3204 et
1273 3149 1333 3221 Tyri
1343 3149 1363 3216 ¹,
1379 3158 1409 3203 et·
1488 3145 1533 3200 48.
1545 3145 1608 3201 Post
1620 3146 1677 3202 lunc
1688 3147 1829 3206 liutffiaeus
1842 3152 1970 3223 sequitur,
1982 3160 2011 3210 et
2023 3153 2088 3209 tinch
2101 3171 2110 3209 r
2123 3152 2190 3211 ces·
2199 3172 2243 3211 ss·

611 3244 733 3307 Sidonis,
745 3242 789 3312 qui
800 3250 918 3317 ¹tresserant
932 3250 959 3294 st
980 3239 1097 3294 audirent
1107 3255 1165 3294 earn
1182 3248 1206 3293 et
1217 3249 1368 3294 sanarentur
1385 3256 1402 3292 a
1454 3245 1502 3290 tem
1514 3237 1639 3293 introisset
1649 3239 1847 3310 capharnaum,
1862 3245 1968 3300 accessit
1978 3245 2013 3299 sd
2029 3244 2102 3300 illast
2110 3246 2244 3315 Germia,

609 3332 772 3405 lanquoriius
782 3331 845 3388 ssis.
862 3329 894 3386 Et
907 3331 950 3401 qai
962 3329 1141 3386 ambustura
1152 3328 1402 3400 spiritihssimrnan·
1453 3343 1546 3397 roqans
1567 3344 1644 3394 eura,
1664 3338 1688 3383 et
1706 3329 1812 3386 dicens:
1826 3331 1949 3401 Domine,
1971 3348 2117 3406 pssrmess
2132 3338 2203 3412 jaca
2219 3339 2245 3392 is

610 3426 667 3492 dis,
677 3422 838 3479 curabantur.
854 3421 889 3476 tn
902 3422 985 3476 omnis
997 3421 1070 3476 turha
1079 3419 1205 3493 querebat
1214 3437 1271 3475 cuns
1282 3429 1400 3492 tanqere,
1453 3419 1528 3473 domo
1542 3419 1712 3491 postulatione,
1728 3431 1753 3477 et
1763 3423 1830 3478 note
1841 3433 1976 3494 torquatum
1991 3435 2019 3482 et
2032 3435 2148 3492 caetera,
2165 3442 2245 3498 mum

610 3515 668 3585 qaia
678 3514 755 3568 uirtus
768 3512 800 3566 de
810 3511 856 3567 tito
868 3511 965 3575 escihat,
980 3519 1005 3566 et
1016 3512 1122 3565 sanciat
1134 3527 1228 3565 omnes.
1245 3509 1279 3564 lit
1291 3512 1344 3581 ipsc
1353 3509 1400 3565 ete-
1453 3508 1487 3561 sd
1501 3523 1563 3564 cunr
1581 3509 1667 3564 locunt
1680 3510 1723 3564 ulti
1735 3512 1789 3578 ait,
1802 3511 1995 3569 Etsaaattssest
2004 3530 2069 3586 puer
2079 3531 2113 3570 er
2125 3516 2172 3571 itta
2185 3517 2245 3570 aaa

610 3605 674 3659 uatis
687 3604 767 3659 oculis
779 3603 806 3657 ia
818 3601 955 3672 dissipatos
973 3592 1251 3656 saas'ds'cehatslleari
1263 3618 1400 3672 prosperas,
1454 3597 1560 3670 (dorth.
1574 3614 1639 3666 eutr,
1653 3600 1798 3673 5-l3).lloe
1815 3602 1850 3659 dc
1873 3619 1956 3674 puero
1974 3604 2147 3662 Centuriaais
2166 3607 2244 3662 eum

610 3697 669 3768 qaia
684 3704 791 3751 uulnus
804 3704 839 3750 est
852 3710 957 3765 requam
969 3691 1027 3756 hei,
1041 3700 1093 3747 etc.
1108 3690 1181 3763 (hac.
1193 3707 1231 3757 rt,
1245 3691 1402 3758 tu-tttttte
1454 3687 1539 3745 tutos
1551 3702 1743 3747 commemorat
1758 3709 1765 3746 :
1781 3707 1852 3760 non,
1864 3694 1934 3751 sieut
1952 3694 2011 3760 iste,
2035 3704 2097 3765 post
2111 3695 2244 3767 leprosum

610 3795 699 3858 potest
718 3785 828 3857 intelligi
849 3799 911 3841 cum
936 3784 962 3839 in
985 3789 1081 3838 monte*
1096 3781 1235 3838 duodecim
1256 3781 1401 3851 discipulus
1453 3778 1626 3845 mundatum,
1641 3797 1719 3850 quom
1740 3782 1784 3837 illc
1799 3791 1891 3852 pristes
1910 3783 2067 3841 recordatus
2082 3800 2246 3841 commo

610 3876 691 3948 etegit
711 3891 745 3932 er
769 3873 905 3946 pluribus,
919 3871 1140 3945 quoshpostolos
1154 3871 1315 3932 nominarit,
1331 3871 1400 3942 qnod
1454 3869 1535 3935 ravit,
1558 3870 1606 3926 sed
1629 3880 1687 3941 post
1713 3873 1792 3929 utrem
1819 3875 1891 3931 illius
1917 3874 2078 3947 prolixioris
2096 3877 2243 3940 sermore,

610 3967 749 4025 llattlnaeus
763 3965 949 4038 pretermisit,
972 3971 1035 4020 tunc
1054 3962 1128 4018 illum
1152 3961 1276 4017 habuisse
1297 3954 1401 4016 sernto-
1453 3961 1523 4031 quod
1537 3960 1572 4015 ius
1587 3961 1723 4033 coniungit
1741 3963 1825 4021 :Cam
1837 3974 1921 4019 auum
1935 3965 2063 4038 implesses
2076 3968 2165 4021 amaia
2175 3967 2245 4021 seru

610 4076 671 4118 nom
692 4074 773 4132 quens
793 4057 933 4114 llatthaeus
955 4055 1128 4126 interposuit,
1149 4063 1176 4110 et
1197 4053 1282 4109 lucus
1303 4052 1400 4120 tat-uit,
1452 4066 1500 4105 sua
1513 4051 1539 4104 in
1550 4068 1625 4105 aues
1637 4051 1730 4121 piohis,
1745 4054 1847 4108 intrauit
1858 4053 2039 4124 Capheream
2057 4070 2067 4110 r
2087 4052 2245 4111 casem-s

611 4151 661 4205 lunc
679 4158 721 4205 est
739 4148 767 4204 iu
787 4156 895 4213 monte;
915 4161 947 4202 ac
964 4143 1060 4200 deindo
1076 4159 1137 4199 cuns
1156 4142 1354 4209 descendisset,
1374 4143 1401 4198 in
1452 4149 1537 4196 aetem
1549 4143 1773 4213 cajmdamserras
1786 4146 1852 4200 saule
1864 4146 1957 4202 hahens
1967 4156 2021 4201 erat
2035 4146 2244 4218 cosdemque·

610 4241 670 4294 loeo
692 4238 834 4310 campestri
857 4235 982 4291 ltahuissc
1000 4235 1112 4290 alterum
1135 4233 1267 4298 similem,
1290 4232 1324 4288 de
1348 4247 1401 4304 quo
1452 4231 1491 4286 ilii
1510 4244 1564 4287 erat
1585 4235 1725 4304 pretiosus,
1743 4245 1807 4304 cic,
1833 4251 1917 4308 usqstc
1941 4237 1969 4293 in
1991 4253 2055 4294 eura
2076 4237 2166 4293 iocum
2191 4251 2244 4309 quo

610 4328 747 4384 lluttlraeus
760 4335 843 4391 tacet,
868 4326 953 4382 lucos
966 4339 1018 4380 non
1032 4332 1102 4379 tacet
1118 4340 1125 4376 :
1147 4332 1174 4379 ot
1188 4333 1328 4395 utrumque
1340 4338 1400 4380 scr·
1453 4331 1563 4379 miratus
1588 4333 1629 4379 est
1651 4323 1727 4395 (Lac.
1739 4342 1792 4390 un,
1806 4327 1892 4398 l·l⁰).
1907 4327 1955 4384 llic
1969 4327 2173 4400 intelligendam
2186 4338 2242 4394 cst,

604 4432 716 4473 monem
732 4415 826 4472 eodem
841 4414 992 4470 nrodoessc
1005 4412 1170 4469 conclusum.
1452 4427 1513 4469 curn
1538 4414 1673 4485 implesset
1694 4417 1802 4487 qnldent
1826 4418 1915 4473 omnis
1938 4419 2019 4474 amba
2038 4433 2088 4474 soa
2112 4417 2140 4473 ia
2165 4432 2243 4474 aures

646 4508 691 4563 td.
706 4504 781 4576 Quod
795 4515 882 4561 autem
896 4502 1036 4560 llattluaeus
1054 4502 1105 4559 isto
1119 4517 1242 4560 sermone
1261 4503 1401 4559 terminato
1453 4504 1556 4575 plebis,
1583 4505 1697 4562 intrasse
1718 4506 1854 4563 Christum
1880 4507 2084 4578 urplumaum,
2111 4505 2164 4565 lsuc
2187 4516 2244 4571 est.

609 4597 730 4670 sequitur
741 4604 769 4652 et
779 4595 858 4664 dicit,
873 4593 907 4649 Et
917 4597 1012 4666 sactum
1024 4603 1069 4659 est,
1078 4609 1136 4648 cum
1149 4604 1344 4649 consummasset
1355 4592 1402 4650 Je-
1453 4597 1513 4668 quia
1528 4613 1581 4651 non
1600 4607 1740 4670 antequem
1762 4599 1820 4655 ltsoc
1834 4599 1914 4655 recha
1929 4600 2101 4655 ternsinasset
2114 4598 2241 4655 intrarit:

610 4705 654 4744 sats
667 4686 740 4743 naha
750 4687 819 4747 isac.
833 4683 1023 4764 admirabantur
1031 4682 1110 4739 turha
1121 4701 1196 4756 saper
1203 4683 1318 4738 doctrina
1327 4685 1399 4756 ejas,
1452 4686 1499 4743 sed
1518 4702 1571 4743 non
1592 4702 1652 4744 esse
1666 4703 1821 4759 supremum
1842 4699 1901 4760 post
1921 4696 2050 4760 quantuni
2064 4689 2194 4760 tenporis
2207 4689 2245 4744 in·

597 4772 699 4852 'potest
715 4776 797 4832 vidcri
816 4775 1005 4846 discipulorum
1024 4774 1113 4830 turrbas
1125 4772 1242 4841 dixisse,
1255 4789 1287 4829 cr
1304 4774 1401 4845 quibus
1454 4779 1592 4835 termnum
1607 4795 1666 4835 com
1686 4780 1752 4835 istos
1769 4795 1906 4836 sermones
1920 4779 2090 4836 terminasset
2108 4778 2245 4836 inusserit

610 4869 671 4925 illos
681 4867 821 4923 duodecim
836 4866 961 4937 doqcmt.
977 4863 1053 4931 Qutod
1063 4878 1126 4919 nero
1139 4879 1200 4918 mox
1212 4862 1338 4931 ait,Gsm
1352 4881 1400 4918 aa·
1452 4869 1648 4940 capharnaum.
1674 4870 1734 4941 lpso
1757 4871 1857 4942 quippe
1883 4868 2022 4927 interuallo
2051 4869 2175 4941 leprosus
2201 4869 2245 4926 ills

612 4968 660 5013 tem
674 4957 839 5013 descendisset
852 4955 884 5010 de
898 4963 997 5021 monte,
1010 4964 1101 5010 secate
1111 4963 1169 5008 sunt
1178 4969 1234 5007 earn
1247 4954 1327 5008 tarhoe
1337 4955 1401 5010 arai·
1452 4963 1594 5019 mundatus
1607 4972 1661 5029 oet,
1676 4979 1754 5035 quem
1772 4963 1838 5020 ,1000
1859 4979 1909 5021 sqq
1927 4963 2069 5022 neumam
2083 4965 2242 5037 interponis,

607 5057 645 5103 ta
659 5065 669 5104 .·
682 5059 706 5103 et
717 5065 773 5104 ecce
788 5046 902 5120 leprosus
912 5047 1011 5102 anticas
1032 5046 1153 5101 adorabat
1172 5063 1245 5113 eum,
1260 5056 1346 5117 potest
1359 5049 1401 5102 in·
1453 5054 1503 5110 isto
1515 5064 1603 5109 autom
1619 5063 1709 5124 postea
1722 5054 1887 5111 recordante,

606 5139 692 5209 telliqi
712 5147 929 5210 paeonumque
948 5152 1100 5193 sermonem
1115 5136 1212 5192 lactum
1227 5137 1325 5206 luisse,
1348 5152 1400 5193 non
1488 5145 1532 5201 ⁴9.
1553 5145 1610 5201 tam
1624 5162 1688 5217 ergo
1709 5146 1845 5203 rideamus
1858 5154 1947 5203 ouum
1968 5144 2020 5203 athi
2038 5144 2076 5203 de
2094 5145 2149 5203 ιω
2167 5159 2244 5202 mm

613 5230 699 5286 solium
713 5229 959 5300 quemllattlumus,
973 5244 1066 5286 nerum
1081 5229 1160 5286 etiam
1174 5228 1401 5301 quemLucasin·
1453 5233 1622 5291 Ceurturionis
1644 5234 1781 5291 Mattheus
1808 5234 1946 5305 Lucaeque
1970 5235 2151 5292 conseethnt.
2179 5234 2243 5291 ssat·

605 5322 738 5392 herponis.
761 5319 851 5391 Neque
864 5320 934 5375 eninr
947 5328 1057 5391 apparet
1071 5329 1131 5390 post
1144 5320 1342 5376 descensionem
1367 5321 1401 5377 de
1455 5323 1538 5379 iltzrtts
1552 5325 1622 5380 enim
1635 5324 1699 5380 dicit
1713 5343 1720 5379 :
1740 5325 1851 5381 Accessit
1872 5324 1907 5379 ad
1924 5341 1980 5379 um
2000 5321 2245 5399 centuriamque

604 5422 702 5470 unonte
724 5421 852 5485 quantum
876 5411 1002 5480 temporis
1024 5409 1104 5466 luerit
1126 5411 1328 5481 interpositum
1354 5411 1400 5467 sed
1455 5431 1511 5467 eaor
1525 5423 1549 5468 et
1568 5414 1653 5470 dicens
1668 5430 1677 5469 :
1691 5413 1760 5469 Puer
1772 5432 1842 5469 mess
1850 5415 1921 5486 jacet
1934 5415 1962 5469 iss
1983 5413 2060 5469 derso
2077 5413 2242 5490 misticus.

612 5503 663 5561 hoc
674 5502 760 5558 solum
770 5500 861 5556 saluit
870 5499 1019 5572 siqnlhosre
1033 5499 1181 5567 linttlraeus,
1196 5508 1255 5570 post
1269 5501 1339 5557 illam
1354 5500 1401 5557 de·
1453 5504 1501 5559 Cui
1514 5505 1616 5560 ridetur
1625 5521 1773 5577 repugnare
1786 5505 1857 5577 qaod
1869 5506 1908 5561 ait
1917 5504 2002 5561 tues
2017 5522 2025 5562 r
2038 5502 2074 5561 tta
2086 5520 2146 5561 cass
2156 5505 2243 5561 'sadis-

611 5592 885 5651 occasionemntultas
899 5591 988 5646 turbas
998 5590 1079 5647 luisse
1090 5605 1150 5645 cunr
1161 5590 1284 5659 Donnirro,
1295 5592 1401 5661 quando
1453 5604 1489 5651 set
1500 5595 1533 5650 de
1545 5594 1623 5663 ias,
1640 5597 1706 5650 reicit
1723 5596 1759 5650 ad
1770 5613 1830 5669 ¹cassu
1842 5597 1953 5651 animes
1963 5588 2136 5663 tusa-n,
2154 5610 2243 5666 reparas

613 5691 746 5759 leprosum
760 5678 915 5752 mundarit,
930 5699 983 5738 non
995 5692 1122 5754 quantum
1134 5682 1260 5752 temporis
1272 5683 1400 5740 interiise·
1453 5705 1508 5742 earn
1523 5698 1549 5741 ut
1566 5689 1673 5754 ueniret,
1690 5698 1714 5745 et
1725 5688 1833 5744 salsam
1843 5687 2016 5758 semeias.
2030 5686 2063 5742 dt
2075 5685 2116 5743 illi
2129 5702 2188 5743 sau
2205 5700 2244 5740 se·

612 5773 1312 5851 rit:prasertimcumeumdemleprosnanueasJam
1326 5775 1401 5831 inci·
1453 5779 1546 5832 aissent
1566 5778 1600 5832 ad
1617 5777 1704 5834 dauns
1724 5779 1846 5851 roqahant
1865 5795 1922 5835 cass
1941 5778 2065 5845 udde,
2079 5777 2243 5835 &macir

611 5873 693 5926 ritate
717 5869 804 5941 posito
828 5867 941 5923 llonrino
962 5864 1034 5921 dicat
1056 5879 1116 5920 esse
1138 5862 1291 5919 mundatum
1301 5905 1309 5931 ,
1330 5864 1400 5937 quod
1454 5868 1520 5933 Quia
1533 5869 1624 5947 diquss
1637 5879 1689 5936 est,
1701 5879 1728 5924 st
1736 5870 1783 5925 huc
1792 5868 1831 5925 illi
1839 5877 1943 5941 praees
1951 5883 1963 5923 .·
1972 5868 2055 5940 dilicit
2066 5869 2136 5925 asin
2147 5876 2243 5941 qun

611 5959 845 6016 llotthmusdicere
857 5973 909 6013 non
922 5957 1033 6012 curarit.
1099 5984 1103 5995 =
1452 5967 1580 6025 sadran,
1593 5969 1616 6013 ct
1626 5976 1781 6032 sqnaqopara
1791 5960 1846 6032 ipss
1861 5957 1996 6029 edificat
2006 5957 2089 6015 asiis.
2101 5956 2182 6017 dass
2197 5974 2243 6013 ι·

647 6053 693 6108 tt.
712 6053 866 6121 Quanquam
875 6049 955 6104 etiam
966 6046 1031 6103 illud
1045 6045 1129 6119 possit
1140 6059 1294 6113 oecuneue,
1310 6044 1336 6100 in
1353 6045 1401 6102 ali·
1452 6059 1501 6105 um
1513 6049 1564 6105 tter
1574 6066 1631 6104 cam
1640 6049 1691 6106 illis
1703 6064 1714 6105 .·
1724 6049 1748 6105 e't
1757 6066 1814 6105 cam
1820 6051 1879 6123 jars
1892 6066 1943 6107 aaa
1955 6048 2135 6135 hupertas
2151 6050 2241 6117 sm.

645 6183 899 6257 ¹pmeumedtttues
909 6162 1065 6231 mattheae
1079 6176 1399 6254 mensurnorum
1452 6139 1571 6244 ”wi
1586 6155 1642 6195 ‘¹¹⁰¹
1661 6136 1779 6243 cm'sw
1798 6137 1992 6195 mm
2010 6154 2022 6195 ·'
2041 6137 2172 6237 m·
2192 6136 2243 6197 ’ὦ

611 6247 733 6300 autumas
746 6255 802 6307 tem
812 6257 820 6295 :
830 6257 927 6304 musso,
937 6250 970 6307 et,
980 6242 1044 6308 quod
1055 6253 1069 6292 s
1080 6253 1161 6304 marco
1173 6249 1245 6291 cuam
1256 6249 1335 6291 atres.
1451 6244 1621 6286 mawron
1637 6247 1701 6284 errans
1719 6230 1811 6289 dtattas
1823 6245 1878 6286 sam
1899 6237 1926 6285 st
1944 6227 1991 6285 sai
2002 6237 2095 6287 tecta·
2108 6246 2193 6289 m
2202 6230 2240 6287 is·
