5709 7534
506 816 552 872 ”i
1190 797 1290 853 LIBER
1309 795 1467 855 TERTIUS.

507 895 1301 994 musur,ditigeuttusdtspuubtnus:nuneautenquodue
1321 895 1324 900 ’

506 1021 665 1090 nuenton
673 1002 999 1067 sermouemuttinet,luec
1007 997 1302 1056 commemorandaeui

501 1102 625 1168 ‘ulmum
636 1109 669 1156 ut
681 1098 862 1168 intelligamus
870 1101 1003 1149 seruatum
1013 1104 1072 1146 esse
1081 1087 1202 1144 ordinem
1211 1102 1300 1143 rerum

506 1209 557 1268 quo
570 1192 648 1264 prius
659 1188 780 1261 oporttdt
799 1198 926 1258 aquarum
937 1180 1059 1237 mimalia
1072 1193 1150 1251 quam
1172 1185 1301 1233 ursarum

507 1279 724 1340 mutiereata.
1215 1267 1242 1298 s

539 1370 567 1428 5.
580 1368 638 1424 uec
655 1366 713 1422 ullo
732 1364 813 1421 modo
832 1359 1013 1418 arbitrandum
1033 1364 1076 1413 est
1093 1356 1301 1428 pretermissum

504 1475 563 1518 esto
575 1453 670 1514 tuum
680 1451 821 1524 Scriptura
835 1447 917 1508 ullum
930 1447 1021 1504 mundi
1033 1446 1112 1516 buius
1126 1445 1299 1511 elementum,

504 1563 563 1607 otuu
577 1553 697 1618 quatuor
708 1541 856 1599 notissimis
868 1556 929 1597 eum
941 1547 1064 1595 constare
1082 1549 1237 1607 persuasum
1245 1536 1299 1603 stt,

504 1640 564 1711 quia
579 1635 690 1694 sidetru
709 1632 755 1689 luic
765 1632 873 1695 celum,
888 1638 915 1685 et
927 1642 1005 1698 aqua,
1019 1635 1046 1683 et
1054 1635 1125 1682 terra
1136 1639 1301 1681 marmeno-

506 1729 579 1794 ruri,
594 1726 631 1784 ds
649 1739 714 1781 aere
727 1730 817 1779 aulem
831 1721 922 1777 taceri.
942 1716 1113 1775 Consuetudo
1132 1717 1231 1788 quippo
1249 1729 1300 1770 uo-

505 1827 621 1890 atrorum
637 1814 835 1884 scripurarum
848 1819 907 1877 est,
922 1817 967 1864 aut
981 1808 1041 1864 eoeli
1055 1815 1083 1862 et
1097 1816 1175 1862 terrae
1193 1804 1301 1861 nomine

505 1905 635 1965 muudum
659 1905 813 1976 appellare,
828 1909 874 1957 aut
895 1899 1027 1957 interdum
1049 1897 1148 1954 addere
1168 1905 1195 1953 et
1215 1910 1299 1952 mare.

506 1999 559 2054 der
572 1997 663 2068 ltaque
675 1993 718 2050 sel
729 1992 763 2048 ad
777 1992 874 2047 eoelum
887 1990 1020 2061 pertinere
1034 1987 1198 2057 intelligitur,
1214 1985 1237 2040 si
1248 2000 1301 2056 que

505 2095 568 2142 surrt
585 2086 614 2140 lo
627 2083 687 2155 elus
708 2080 891 2154 superioribus
904 2080 1022 2149 paulibus
1041 2076 1255 2148 tranquillissima
1273 2083 1301 2130 ct

507 2176 678 2250 missino
700 2173 785 2245 spatia
798 2188 806 2239 ;
820 2172 862 2228 rel
874 2170 908 2226 ad
929 2179 1026 2224 terram
1041 2177 1148 2239 propter
1159 2165 1229 2222 hunc
1242 2172 1300 2221 tur-

507 2268 643 2324 bulentum
658 2275 686 2321 et
698 2263 870 2334 uliginosum
882 2261 969 2316 locum
982 2300 989 2324 ,
1004 2258 1049 2329 qui
1064 2257 1172 2313 humida
1191 2255 1300 2312 cultata·

507 2359 579 2416 tione
589 2351 754 2428 pinguescit,
768 2352 888 2424 quamvis
901 2357 928 2405 et
941 2350 998 2419 ipsc
1010 2347 1108 2419 sapius
1119 2346 1178 2403 coeii
1193 2346 1301 2401 nominc

507 2456 695 2519 uunwpetur:
708 2459 741 2500 ae
755 2459 803 2514 per
816 2442 867 2497 boc
881 2456 934 2496 notu
949 2440 1075 2510 scriptum
1088 2446 1138 2502 est,
1149 2436 1302 2493 Producant

508 2555 584 2611 squar
607 2535 715 2609 reptilia
733 2534 885 2591 animarum
911 2533 1048 2595 visanum,
1068 2539 1096 2585 et
1109 2528 1236 2599 producat
1254 2542 1301 2584 aer

509 2630 628 2688 rdidlia
647 2626 766 2684 solantia
788 2639 868 2695 super
887 2632 1004 2688 terram;
1027 2620 1074 2677 scd
1089 2627 1233 2690 utrumque
1250 2618 1301 2673 boe

510 2715 684 2776 urinantium
694 2727 780 2786 genus
791 2727 823 2768 eu
838 2712 914 2784 aquis
927 2702 1084 2781 productum
1096 2723 1156 2765 esse
1167 2715 1298 2763 narratur.

509 2805 643 2880 ouuqutd
654 2819 720 2877 ergo
727 2818 857 2876 aquarum
868 2803 924 2858 siro
937 2802 1051 2857 labiliter
1063 2800 1194 2856 undosum¹
1207 2797 1301 2855 etbui-

508 2899 571 2957 tim
583 2905 635 2966 est,
650 2897 708 2954 tire
718 2894 879 2967 vaporaliter
889 2901 1024 2949 tenuatum
1038 2901 1117 2964 atque
1130 2905 1301 2964 suspensum,

510 2999 539 3047 ut
550 2985 616 3044 iilud
629 2985 772 3057 reptilibus
783 2983 931 3040 animarum
946 2981 1076 3048 utrarum,
1089 2980 1140 3037 boe
1153 2979 1301 3036 volatilibus

510 3089 636 3154 appareat
646 3078 829 3146 distributum,
843 3083 985 3146 utrumque
997 3084 1084 3130 umen
1098 3072 1213 3128 bumida
1225 3080 1302 3127 uatu-

510 3185 546 3228 m
557 3169 712 3239 deputam

525 3257 639 3318 CAPUT
657 3255 703 3316 lt.
714 3287 750 3298 -
767 3254 882 3326 Quinque
895 3269 982 3310 ursus
995 3253 1030 3307 ud
1041 3262 1148 3325 quatuor
1162 3252 1284 3308 eimtentu

503 3376 510 3388 ·
856 3347 956 3419 referri.

542 3442 570 3499 b,
588 3440 709 3510 ideoque
729 3445 792 3494 sunt
804 3436 884 3494 etiam
899 3434 944 3507 qui
966 3433 1136 3490 subtilissima
1148 3432 1301 3489 considera·

510 3531 580 3587 boue
598 3526 719 3601 quinque
740 3526 807 3581 istos
826 3522 1058 3579 manifestissimos
1076 3521 1195 3592 corporis
1207 3534 1302 3577 sensus

509 3615 656 3676 mundum
670 3622 785 3685 quatuor
805 3612 901 3667 usitata
921 3611 1051 3667 elementa
1066 3610 1102 3664 ita
1121 3608 1299 3679 distinguant,

508 3717 538 3765 ut
547 3706 695 3765 ordesad
708 3706 807 3777 ignem,
820 3717 899 3758 aures
913 3702 946 3757 ad
956 3717 1046 3758 aerem
1061 3700 1149 3757 dicant
1157 3700 1300 3771 pertinere.

507 3794 653 3855 olfaciendi
665 3803 756 3851 autent
770 3791 944 3865 gustandique
956 3801 1063 3847 sensum
1074 3799 1175 3845 naturae
1187 3789 1303 3845 humidus

507 3887 655 3944 atudlruunt
674 3894 724 3941 :et
738 3882 864 3939 olfactum
883 3881 989 3953 quidem
1013 3880 1071 3936 istis
1089 3880 1303 3936 exlralatiouibos

508 3973 641 4044 anub,
654 3973 753 4045 qulbus
764 3981 900 4028 crassatur
916 3970 968 4026 boc
986 3971 1117 4040 spatium,
1132 3971 1158 4024 in
1173 3985 1226 4040 quo
1240 3984 1303 4042 ares

508 4067 617 4123 scibant
629 4081 638 4132 ;
652 4072 787 4134 guuatum
800 4078 865 4118 uero
879 4062 938 4118 istis
949 4060 1111 4117 fluxibilibus
1124 4068 1151 4115 et
1163 4058 1305 4131 corpulen-

509 4157 542 4212 tis
551 4154 724 4213 homoriiuts.
735 4152 800 4208 lietu
812 4165 985 4223 quaecumque
998 4149 1024 4204 in
1036 4165 1082 4203 ore
1093 4149 1209 4220 sapiunt,
1220 4147 1305 4220 ipsius

508 4245 563 4304 oria
574 4244 683 4302 humori
705 4244 913 4299 commiscentur
934 4250 964 4296 ut
978 4239 1098 4310 sapiunt,
1113 4239 1216 4295 etiarnsi
1229 4237 1303 4294 unda

509 4347 567 4394 suot
576 4335 764 4406 acciperentur
778 4332 859 4388 luisse
870 4328 1018 4407 uideantur.
1031 4329 1100 4401 ignis
1115 4339 1202 4385 tamen
1215 4329 1302 4385 omnia

508 4437 638 4501 penetrat,
654 4435 685 4484 ut
696 4434 798 4484 motum
813 4427 839 4480 in
860 4426 899 4482 eis
912 4424 999 4480 iaciat.
1010 4423 1077 4480 Nasu
1092 4431 1120 4479 et
1131 4423 1227 4479 irurrror
1244 4423 1303 4493 pri·

509 4522 613 4576 suumne
622 4517 722 4576 caloris
733 4516 904 4588 oottgelasoit,
915 4524 942 4572 et
953 4532 1013 4571 cum
1023 4516 1126 4587 possint
1136 4516 1303 4572 [οιϊοοοοιοι

509 4619 605 4666 catera
618 4607 763 4674 clementa,
778 4604 846 4676 lgnis
860 4604 1002 4675 frigescere
1013 4620 1066 4659 uon
1079 4611 1166 4675 potest
1179 4621 1187 4658 :
1201 4603 1304 4661 lucilius

509 4701 607 4772 quippo
621 4697 822 4770 extinguitur,
836 4705 865 4752 ut
877 4696 946 4768 iguis
961 4710 1015 4751 non
1028 4697 1081 4762 sit,
1094 4710 1173 4766 quam
1194 4695 1303 4766 [rigidus

510 4797 634 4859 manui,
656 4797 703 4845 aut
723 4787 759 4843 sit
788 4786 901 4857 alicujus
923 4785 1009 4857 frigidi
1036 4793 1159 4842 contactu
1179 4785 1301 4857 tepidior.

509 4881 608 4938 Tactus
619 4888 731 4945 autem,
747 4878 793 4950 qui
814 4885 857 4934 est
880 4877 987 4949 quintus
1001 4877 1029 4933 in
1045 4877 1182 4945 sensibus,
1198 4890 1303 4936 terreno

509 4971 643 5028 elemento
665 4969 749 5041 magis
764 4969 887 5040 congruit
905 4986 911 5021 :
926 4968 1036 5039 prolude
1051 4984 1098 5038 per
1111 4977 1193 5023 totum
1206 4984 1303 5040 corpus

507 5059 663 5129 summotis,
676 5057 755 5131 quod
775 5057 891 5114 uraximc
904 5072 937 5113 eu
959 5066 1029 5112 terra
1041 5065 1093 5122 est,
1109 5072 1219 5127 quaque
1233 5065 1302 5112 ueta

508 5154 670 5210 seratiuutur.
694 5151 790 5207 ilicuut
809 5152 889 5206 etiam
903 5163 953 5205 noc
967 5147 1050 5204 uideri
1071 5149 1128 5204 siue
1143 5148 1203 5220 igue
1223 5162 1303 5219 posse

508 5243 625 5316 utquid,
643 5258 696 5328 nec
714 5239 785 5314 tangi
804 5241 960 5298 sineterra.
978 5243 1083 5310 stc-per·
1103 5240 1155 5296 boe
1171 5239 1302 5296 elementa

510 5334 598 5390 omniu
613 5333 643 5389 ln
656 5331 782 5388 omuibus
797 5331 899 5396 inesse;
919 5329 967 5385 sod
989 5328 1194 5400 unumquodque
1208 5342 1301 5383 eorum

509 5439 541 5481 ex
552 5423 673 5497 eoquod
686 5421 803 5493 amplius
815 5421 895 5477 babet
908 5419 1043 5490 accepisse
1057 5420 1226 5476 uocabulum.
1240 5418 1302 5475 ideo

509 5523 598 5572 auteur
610 5513 711 5571 caloris
726 5511 884 5583 priuatione,
897 5527 958 5567 cum
971 5526 1068 5584 corpus
1080 5511 1160 5566 nimie
1174 5509 1300 5580 frigescit,

509 5605 620 5662 oltuudi
639 5607 762 5671 numm,
775 5603 838 5675 quia
859 5613 947 5658 motus
966 5602 1098 5674 pigrescit,
1112 5602 1157 5673 qui
1169 5618 1202 5657 ex
1214 5602 1303 5657 culture

509 5693 782 5768 monumemtum
796 5693 864 5766 ignis
875 5708 975 5760 aerem,
988 5703 1016 5748 et
1027 5708 1073 5749 uer
1088 5692 1204 5758 bumida,
1218 5701 1245 5748 et
1255 5691 1304 5747 iru-

509 5801 566 5844 roor
579 5793 686 5844 terrena
700 5798 813 5856 quasque
823 5781 912 5850 allicit,
928 5782 1109 5839 subtilioribus
1121 5781 1222 5840 scilicet
1231 5797 1303 5838 crus·

509 5876 577 5934 sion
587 5874 803 5950 penetrantibus.

541 5970 569 6026 'l.
588 5967 696 6042 Quanto
714 5975 803 6022 autem
823 5963 939 6036 quidque
956 5963 1078 6020 subtilius
1096 5973 1139 6020 est
1159 5962 1185 6018 in
1207 5971 1301 6020 natura

511 6057 650 6131 corporali,
664 6067 740 6114 tanto
752 6064 795 6113 est
806 6053 916 6112 sicinius
928 6065 1028 6112 naturae
1041 6055 1190 6126 spirituali;
1206 6070 1300 6127 quarn·

540 6163 1160 6240 impqptpmnntssurledstuditem·

2088 798 2143 854 Μ

1354 908 1395 961 ris
1408 907 1487 977 louge
1497 905 1612 962 distante
1622 921 1729 980 genere,
1742 908 1957 984 quandoquidem
1970 909 2035 968 usu
2047 924 2143 983 corpus

1354 1006 1405 1061 est,
1419 994 1485 1050 illud
1500 1011 1551 1052 non
1566 1005 1616 1052 est.

1354 1084 1466 1143 CAPUT
1479 1086 1511 1141 ll.
1530 1115 1566 1128 -
1581 1085 1615 1142 tir
1628 1087 1663 1141 od
1676 1098 1785 1160 mutuor
1801 1090 1921 1145 ebmottu
1934 1089 2004 1146 saue
2021 1105 2049 1147 te
2068 1087 2144 1146 talea

1512 1177 1634 1232 sentiendi
1649 1180 1686 1233 uia
1700 1180 1726 1233 iu
1739 1181 1983 1251 quinqueremibus.

1389 1269 1428 1324 do
1453 1283 1501 1339 per
1519 1268 1570 1324 boe
1597 1269 1721 1340 quoniam
1749 1272 1849 1326 sentire
1871 1287 1923 1326 non
1949 1280 1990 1328 est
2010 1272 2140 1342 corporis,

1353 1357 1505 1414 sedutdm
1516 1373 1679 1429 percorpus,
1689 1358 1834 1415 licetacutc
1844 1360 2140 1419 disseratursecundum

1352 1448 1531 1505 diversitatem
1549 1463 1738 1520 corporeorum
1756 1451 1948 1507 elementorum
1967 1466 2062 1510 seusus
2078 1468 2139 1512 csso

1352 1540 1473 1611 corporis
1493 1540 1648 1597 distributus
1659 1558 1667 1609 ;
1680 1539 1874 1599 anima-umen
1894 1543 1937 1599 cui
1955 1545 2086 1600 sentiendi
2099 1546 2140 1602 ris

1352 1630 1432 1697 inest,
1446 1646 1506 1686 uum
1520 1646 1647 1703 corporea
1661 1649 1713 1689 non
1726 1634 1770 1700 sit,
1782 1649 1831 1705 per
1843 1633 1964 1690 subtilius
1976 1650 2072 1708 corpus
2085 1639 2142 1706 ugi-

1343 1725 1391 1778 'tat
1403 1724 1519 1795 rigorem
1531 1725 1672 1781 sentiendi.
1684 1725 1792 1782 inchoat
1804 1726 1893 1798 itaque
1904 1735 2005 1782 motum
2017 1726 2044 1782 iu
2054 1728 2140 1800 omui·

1352 1814 1403 1871 bus
1422 1815 1545 1872 sensibus
1558 1831 1574 1872 a
1588 1817 1734 1873 subtilitate
1753 1817 1839 1889 iguis,
1852 1815 1899 1873 sed
1913 1831 1965 1872 uon
1978 1816 2005 1871 in
2018 1816 2141 1876 omuibus

1352 1903 1386 1959 ad
1397 1905 1467 1962 idem
1482 1907 1612 1977 pervenit.
1626 1907 1655 1963 ln
1671 1908 1728 1963 risu
1745 1908 1816 1962 euim
1828 1907 1948 1977 prmeuit
1960 1921 2083 1978 represso
2094 1921 2140 1964 ou·

1353 1993 1410 2052 tore
1423 2010 1507 2067 usque
1523 1997 1556 2052 ad
1571 1997 1629 2068 ejus
1644 1998 1740 2054 luceru.
1754 1998 1783 2054 in
1802 1997 1894 2054 auditu
1911 2011 1996 2070 usque
2013 1997 2047 2053 ad
2061 1997 2141 2069 liqui·

1353 2085 1454 2143 diorum
1465 2104 1555 2144 aerem
1568 2090 1656 2145 calum
1669 2089 1737 2161 ignis
1749 2097 1880 2161 periurat.
1895 2088 1926 2144 lu
1939 2088 2038 2144 oiiuetu
2050 2098 2140 2145 auteur

1354 2180 1448 2236 transit
1460 2195 1549 2236 acrem
1565 2195 1671 2251 purum,
1685 2187 1713 2235 et
1724 2179 1846 2252 peruenit
1859 2179 1892 2235 ad
1910 2177 2046 2235 humidam
2057 2178 2140 2234 euba-

1352 2266 1487 2336 lationem,
1500 2269 1570 2325 unde
1579 2269 1694 2325 cmssior
1703 2267 1762 2324 buce
1772 2283 1836 2324 aura
1848 2267 1977 2324 subsistit.
1992 2268 2021 2324 lu
2034 2275 2140 2338 gustatu

1353 2367 1380 2414 et
1392 2358 1461 2414 bane
1473 2360 1577 2427 transit,
1590 2369 1618 2416 et
1637 2360 1757 2431 persenit
1774 2374 1859 2431 usquo
1878 2358 1912 2415 ad
1926 2360 2063 2417 humorem
2079 2373 2140 2415 cor-

1353 2449 1529 2520 pulentiorem
1550 2469 1557 2504 :
1579 2452 1734 2520 quostiam
1755 2459 1893 2523 penetrato
1913 2458 1993 2522 atque
2015 2449 2140 2520 trajecto,

1352 2554 1413 2595 cum
1426 2539 1460 2594 ad
1474 2548 1604 2595 terrenam
1616 2541 1771 2612 grauitatem
1784 2541 1923 2612 pertenit,
1937 2539 2063 2613 hogerrdi
2075 2540 2139 2596 ulti·

1353 2643 1426 2682 utum
1438 2643 1545 2683 scusuur
1558 2627 1623 2700 ugit.

1352 2715 1466 2774 CAPUT
1477 2716 1520 2773 Vl.
1528 2747 1565 2758 -
1573 2717 1646 2773 deris
1663 2718 1811 2775 elementum
1822 2735 1874 2774 nou
1885 2734 1938 2776 ease
1948 2718 2142 2790 pretermissum

1609 2810 1759 2879 uxriptore
1773 2805 1885 2864 Genesis.

1388 2895 1416 2953 8.
1436 2895 1495 2952 Νοο
1513 2896 1593 2969 igitur
1611 2896 1750 2970 munerabat
1762 2909 1870 2954 naturas
1887 2899 2079 2956 elementorum
2093 2914 2141 2954 oo-

1352 2999 1465 3055 rumque
1476 2985 1606 3052 ordinem,
1619 2986 1663 3056 qui
1673 3001 1734 3042 eum
1747 2987 1970 3058 visibiliumque
1982 2987 2050 3042 intra
2064 3001 2142 3041 uturu-

1352 3070 1416 3127 dutu
1429 3072 1457 3128 iu
1475 3073 1613 3129 clementis
1625 3082 1719 3129 nutura
1736 3084 1893 3141 moueretur,
1906 3073 2085 3130 conditionem
2099 3072 2142 3128 iu·

1353 3160 1515 3231 troduceret,
1532 3164 1604 3234 prius
1615 3164 1732 3220 coeimda
1744 3165 1894 3233 luminaria,
1907 3163 2002 3221 deinde
2013 3179 2141 3235 aquarum

1353 3250 1514 3320 animantia,
1531 3259 1660 3308 terrarum
1680 3264 1768 3310 autem
1786 3263 1919 3325 postrema
1936 3254 2070 3310 narrarit:
2088 3268 2142 3310 nou

1353 3340 1424 3411 quod
1446 3356 1535 3398 aerem
1559 3344 1776 3413 praetermiserit,
1798 3344 1845 3400 sed
1867 3345 1936 3416 quod
1959 3343 2092 3416 purissimi
2115 3354 2144 3399 et

1353 3430 1510 3500 quietissimi
1522 3432 1602 3501 aeris,
1617 3432 1661 3487 ubi
1673 3432 1764 3488 solare
1776 3447 1839 3488 ares
1851 3449 1905 3488 nou
1918 3447 1996 3503 posse
2007 3431 2142 3497 dicuutur,

1353 3521 1376 3577 si
1391 3536 1442 3592 qua
1457 3533 1518 3577 suut
1537 3523 1639 3593 spatia,
1653 3522 1723 3580 coslo
1742 3523 1872 3594 superiori
1891 3523 2104 3594 conjunguntur,
2117 3532 2146 3579 et

1354 3611 1415 3666 curli
1427 3612 1621 3683 nuncupatione
1633 3613 1659 3667 iu
1672 3613 1816 3684 scripturis
1827 3613 1861 3669 sd
1872 3613 2037 3686 superiorem
2050 3612 2142 3670 mundi

1354 3708 1456 3769 purtem
1469 3703 1602 3773 portinere
1617 3702 1817 3774 intelliguntur:
1833 3711 1861 3759 ut
1875 3712 1953 3758 terrae
1964 3703 2071 3758 uomicae
2084 3703 2145 3758 uni·

1354 3793 1493 3849 remallter
1506 3792 1652 3850 beatotum
1665 3794 1838 3865 significetur,
1852 3808 1885 3850 eu
1900 3807 1953 3864 quo
1965 3792 2056 3862 incipit
2066 3791 2145 3847 deor·

1354 3901 1415 3944 trum
1436 3900 1539 3953 remus,
1552 3883 1635 3957 iguis,
1648 3886 1756 3957 maudo,
1772 3884 1827 3953 niu,
1841 3883 1945 3956 glucies,
1959 3882 2062 3952 spiritu
2080 3890 2144 3936 tem·

1355 3977 1469 4048 maletis,
1480 3984 1503 4030 et
1516 3992 1601 4032 curua
1612 3974 1707 4047 nigrai,
1718 3974 1804 4030 donec
1816 3973 1983 4044 perveniatur
1996 3972 2030 4029 ad
2042 3970 2144 4028 aridam

1354 4084 1414 4139 quae
1428 4069 1538 4140 proprio
1552 4067 1659 4124 noutiue
1674 4074 1744 4122 terra
1756 4065 1862 4122 dicitur.
1875 4066 1929 4121 ber
1941 4064 2030 4136 itaque
2042 4064 2086 4120 ille
2099 4079 2145 4124 stt·

1355 4161 1455 4234 perior,
1467 4161 1526 4218 sire
1537 4159 1607 4232 quod
1617 4158 1651 4214 ud
1659 4159 1795 4216 coelestem
1806 4157 1897 4213 mundi
1908 4157 2021 4236 pertinet
2029 4163 2143 4228 partein,
2205 4223 2207 4228 ,

1356 4252 1412 4309 sire
1432 4249 1504 4322 quod
1524 4250 1624 4306 nullum
1644 4250 1724 4308 babet
1742 4249 1873 4315 risibilem
1897 4247 2090 4314 habitatorem,
2111 4243 2145 4299 do

1354 4340 1478 4414 qualibus
1489 4356 1560 4397 nuuc
1571 4355 1660 4396 sermo
1672 4338 1806 4396 narrantis
1819 4347 1868 4404 est,
1883 4351 1969 4407 nequo
1981 4333 2143 4406 praetermis·

1355 4442 1450 4490 susust
1459 4432 1528 4489 eoelo
1537 4432 1777 4502 nominatumque
1787 4435 1976 4484 annumeratus
1987 4426 2013 4480 iu
2023 4423 2145 4480 creandis

1354 4523 1530 4578 arrimalibus:
1544 4522 1595 4578 iste
1606 4536 1670 4577 sero
1683 4520 1791 4577 inferior
1799 4519 1844 4590 qui
1853 4517 1952 4587 exeipit
1962 4514 2145 4571 critaiatiouos

1355 4615 1478 4671 burnidus
1490 4614 1571 4669 maris
1584 4628 1615 4669 ac
1628 4622 1723 4678 terrie,
1736 4611 1808 4667 etad
1823 4608 1990 4664 sustinendas
2001 4620 2064 4660 aues
2076 4619 2145 4674 quo-

1355 4704 1499 4761 dammodo
1511 4714 1660 4770 crassatur,
1679 4700 1784 4757 nouuisi
1798 4715 1830 4756 es
1843 4698 1918 4768 aquis
1931 4695 2027 4766 accipit
2040 4692 2144 4772 arripia-

1355 4795 1399 4851 lia.
1415 4794 1490 4864 Quod
1503 4793 1573 4849 enlm
1587 4792 1645 4862 ejrrs
1657 4789 1794 4860 humidum
1806 4797 1864 4854 est,
1881 4785 1934 4840 boc
1945 4791 2033 4854 portat
2050 4775 2143 4835 alitum

1354 4900 1481 4954 corpora,
1495 4898 1554 4953 quse
1569 4883 1605 4936 ita
1619 4881 1739 4935 nituntur
1753 4877 1847 4948 pennis
1866 4874 2003 4940 uoiarrtcs,
2016 4867 2144 4943 quemad·

1354 4973 1463 5030 modum
1477 4973 1562 5041 pisces
1574 4968 1729 5042 quibusdam
1743 4967 1799 5023 suis
1810 4967 1858 5020 alis
1870 4972 2001 5032 natantes.

1402 5059 1515 5118 CAPUT
1528 5058 1584 5115 Vll.
1604 5088 1640 5101 -
1657 5057 1775 5112 Voiutiliu
1787 5072 1819 5110 ea
1831 5053 1903 5125 nquit
1916 5069 1967 5108 uon
1978 5050 2103 5107 imrueaa'to

1636 5151 1754 5206 dicurrtur
1765 5156 1859 5202 creatu.

1390 5245 1418 5301 o.
1440 5242 1555 5300 Proinde
1576 5241 1690 5298 scienter
1717 5249 1841 5310 tauquarn
1865 5234 1980 5308 Spiritus
2011 5233 2075 5310 liei,
2098 5233 2144 5304 qui

1354 5332 1481 5391 scribenti
1501 5333 1603 5395 aderat,
1626 5347 1659 5388 ex
1682 5329 1758 5401 aquis
1779 5328 1846 5384 dicit
1864 5326 1992 5398 producta
2014 5323 2143 5381 ruhilia.

1354 5426 1473 5494 Quorum
1486 5416 1578 5480 natura
1591 5423 1600 5455 ¹
1613 5421 1765 5493 bipartitum
1788 5419 1875 5476 iocum
1888 5417 1982 5475 sortita
1996 5425 2057 5484 est;
2077 5413 2145 5471 into·

1355 5520 1453 5573 riurem
1465 5515 1566 5571 scilicet
1578 5514 1604 5568 iu
1615 5512 1684 5568 unda
1697 5512 1778 5578 lubili,
1789 5510 1953 5582 superiorem
1966 5524 2030 5565 uero
2042 5508 2069 5563 in
2079 5520 2144 5564 auru

1354 5608 1435 5664 llabili
1449 5626 1455 5663 :
1470 5607 1543 5662 illum
1553 5604 1708 5675 deputatum
1719 5601 1880 5667 natantibus,
1893 5601 1972 5658 istum
1984 5598 2144 5654 uolantibus.

1354 5700 1428 5758 Sicut
1441 5698 1501 5766 truie
1514 5698 1646 5754 elemento
1658 5709 1789 5766 utrrgruos
1800 5692 1868 5749 duos
1881 5692 1961 5749 etiarn
1980 5702 2075 5747 wreus
2086 5686 2144 5742 arri·

1355 5790 1469 5846 malibus
1482 5787 1557 5844 datos
1567 5786 1687 5843 uidemus
1698 5801 1706 5851 ;
1719 5783 1845 5840 oliaetum
1859 5778 2028 5852 explorandis
2040 5775 2144 5846 vapori

1355 5882 1422 5945 bus,
1436 5889 1569 5952 gustatum
1582 5874 1755 5948 explorandis
1767 5873 1925 5946 liquoribus.
1939 5867 2016 5938 Quod
2033 5865 2145 5922 estimet

1356 5980 1426 6030 tactu
1440 5985 1523 6042 aquas
1535 5978 1683 6038 seruosque
1701 5966 1845 6030 sentimus,
1857 5962 1909 6018 boc
1921 5968 1964 6016 est
1981 5956 2051 6029 quod
2066 5965 2146 6012 terru

1356 6106 1461 6219 etium
1478 6103 1604 6168 quinque,
1622 6111 1743 6165 ¹tepuerunt
1760 6095 1823 6149 ruiot
1839 6098 1932 6145 maru.
1949 6091 1985 6144 sic
2004 6089 2079 6158 etlam
2092 6093 2143 6142 tta.
