5709 7534
610 825 660 884 nr
1281 799 1557 887 nrusnrsnnus'
2192 833 2247 895 aso

608 938 700 994 humor
713 948 743 994 et
758 938 855 994 numus
866 954 875 1005 ;
888 936 921 994 ad
936 936 1085 994 laciendum
1099 945 1189 994 autem
1202 936 1254 994 alia
1268 937 1338 1004 duo,
1354 953 1400 994 aer
1457 948 1518 994 earn
1534 957 1623 1022 geom.
1637 940 1673 1001 Ei
1690 943 1750 1000 sidit
1769 942 1839 1000 ilem
1857 946 1918 1019 gain
1932 946 1997 1004 iana
2011 954 2081 1004 estat.
2097 945 2156 1005 lam
2177 964 2247 1006 nune

607 1027 734 1099 elignis:
749 1027 773 1084 sl
784 1044 850 1100 ergo
862 1027 919 1084 brec
928 1028 964 1083 ita
975 1037 1048 1091 sunt,
1060 1042 1112 1083 non
1123 1027 1234 1099 impedit
1243 1028 1293 1083 ista
1306 1027 1399 1084 distin-
1456 1044 1623 1100 consoqucns
1636 1042 1694 1088 erat
1703 1033 1850 1090 utalteram
1862 1047 2043 1110 partemque
2054 1038 2163 1110 proprie
2175 1048 2246 1095 terra
2351 1017 2362 1112 ι’

607 1119 658 1176 etio
672 1127 795 1175 nostram
815 1119 995 1190 scripturam,
1010 1134 1070 1190 quae
1084 1133 1137 1174 nun
1155 1134 1189 1176 ex
1208 1134 1289 1184 acre,
1300 1119 1351 1174 sed
1366 1135 1400 1175 ca
1456 1118 1564 1187 dicitur,
1578 1121 1661 1176 intimi
1681 1122 1759 1192 hujus
1778 1123 1846 1193 loci,
1861 1141 1939 1197 quem
1953 1136 2036 1184 tutum
2048 1144 2109 1185 curn
2121 1130 2246 1185 ornnious

608 1207 681 1282 aquis
695 1207 827 1280 producta
846 1209 945 1266 iudicat
957 1209 1093 1276 volatilia3
1107 1210 1168 1282 iptia
1182 1210 1327 1267 subtilioris
1340 1209 1401 1282 qui·
1456 1211 1560 1281 abyssis
1573 1217 1601 1266 et
1613 1213 1742 1268 nebuloso
1751 1228 1813 1270 aere
1827 1217 2012 1274 uniuersaliter
2025 1220 2154 1276 vocabulo
2167 1227 2245 1275 terra

607 1301 666 1358 dem
685 1309 714 1357 et
733 1301 762 1357 in
780 1316 861 1359 auras
877 1300 992 1358 critalati
1013 1312 1093 1373 atque
1110 1302 1229 1368 distenti,
1245 1302 1293 1359 scd
1314 1313 1401 1358 tamen
1456 1299 1518 1356 alibi
1532 1300 1668 1371 Scriptura
1682 1304 1876 1374 complectitur,
1889 1319 1997 1364 ornaret
2009 1310 2166 1368 animalibus
2177 1310 2244 1367 suis.

608 1390 727 1448 humeris
741 1391 818 1448 locus
829 1391 980 1450 volatilibus
992 1392 1069 1449 datus
1082 1401 1133 1449 cst.
1147 1394 1201 1449 der
1211 1402 1300 1449 autent
1311 1408 1326 1447 a
1339 1407 1404 1448 con·
1457 1390 1490 1445 Et
1503 1390 1642 1448 mantissa
1657 1393 1764 1463 quidem
1774 1404 1837 1450 sunt
1852 1398 2004 1454 animalium
2021 1415 2118 1469 genera
2127 1443 2135 1467 ,
2145 1417 2205 1473 qua
2218 1402 2245 1457 ln

608 1479 670 1537 inin
684 1479 814 1540 luminosi
828 1482 890 1540 oceli
907 1498 991 1554 usque
1005 1482 1038 1539 ad
1051 1498 1179 1554 aquarum
1195 1482 1275 1539 ituida
1291 1491 1318 1540 et
1332 1483 1402 1539 nuda
1456 1481 1538 1538 verbo
1557 1482 1604 1537 ilci
1615 1491 1684 1538 terra
1699 1483 1833 1553 produxit.
1846 1485 1900 1542 Sed
1916 1488 1977 1558 quia
1990 1504 2063 1559 saepe
2076 1491 2183 1548 nomine
2195 1507 2245 1562 ps·

608 1582 740 1630 mrum
764 1574 896 1644 pervenit.
909 1571 967 1628 Non
991 1581 1080 1638 tamen
1103 1581 1186 1628 toturn
1208 1572 1321 1643 spatium
1344 1571 1403 1641 ejus
1456 1572 1600 1629 eorumvel
1613 1574 1719 1629 nominc
1734 1575 1888 1644 bestiarum,
1902 1578 2120 1634 animaliaomnia
2134 1581 2246 1637 rationis

608 1661 791 1720 exhalationes
813 1662 930 1719 humidae
949 1660 1100 1731 infuscant,
1121 1663 1168 1719 scd
1189 1679 1273 1735 usque
1290 1662 1324 1719 ad
1341 1678 1402 1718 euro
1456 1663 1574 1731 expertia
1595 1662 1682 1718 solent
1703 1662 1828 1735 intelligi,
1844 1665 1941 1720 merito
1954 1665 2082 1736 quaeritur
2094 1681 2160 1738 quas
2173 1683 2246 1726 nunc

608 1751 785 1820 dnem,uudc
802 1752 895 1824 incipit
914 1753 993 1809 etiam
1014 1762 1084 1809 terra
1097 1754 1240 1823 nominari,
1255 1755 1402 1812 secundum
1455 1753 1562 1822 proprie
1576 1751 1684 1820 bestias,
1695 1763 1790 1824 utqtne
1804 1770 1902 1825 peecare
1914 1755 1995 1812 dicat.
2008 1756 2043 1811 Et
2056 1757 2175 1828 repentia
2187 1758 2247 1829 qui·
2303 1816 2311 1832 ⁶

608 1841 682 1898 lllrtau
697 1843 831 1913 psalmum
845 1842 1007 1909 ubidicitur,
1019 1841 1133 1898 endan
1144 1842 1280 1899 bominum
1292 1845 1324 1900 de
1337 1854 1403 1900 ima
1455 1840 1516 1898 dent
1534 1842 1590 1900 sire
1609 1844 1712 1915 reptilia
1723 1852 1846 1912 terrena,
1860 1861 1914 1902 non
1929 1855 1971 1902 est
1983 1835 2157 1903 ddbitaudum
2173 1847 2245 1919 quod

609 1929 692 2006 tint.
704 1947 815 1998 catatu,
827 1933 866 2004 7).
878 1932 1005 2004 Superior
1013 1945 1076 1988 vero
1081 1948 1143 2004 pars
1152 1934 1232 2003 aeris,
1239 1943 1348 2008 propter
1354 1949 1404 2004 pu-
1456 1943 1550 1986 omnes
1559 1932 1712 2002 serpentes¹
1722 1933 1834 2005 intelligi
1842 1935 1941 2002 voluit;
1952 1950 2102 2006 quanquam
2112 1945 2140 1994 et
2153 1936 2247 1993 bestia

609 2036 663 2078 ram
678 2022 908 2094 tranquillitatem,
923 2023 993 2079 coelu
1012 2023 1054 2079 cui
1075 2024 1258 2093 collimitatur,
1268 2025 1403 2082 communi
1456 2018 1507 2075 dici
1519 2020 1620 2090 possint
1633 2039 1639 2074 :
1654 2035 1780 2092 pecorum
1791 2032 1881 2078 autem
1899 2038 1997 2081 nomen
2011 2040 2065 2081 non
2076 2025 2175 2082 usitata
2188 2040 2246 2081 ser·

608 2127 671 2184 paee
681 2112 864 2184 conjungitur,
874 2122 901 2170 ei
913 2113 973 2184 ejus
984 2114 1113 2171 rocauuio
1125 2124 1302 2186 nuncupatur.
1315 2115 1403 2187 inqua
1456 2109 1580 2180 pentibus
1594 2111 1729 2167 convenit.
1746 2112 1863 2168 liursum
1872 2113 2006 2180 iconibus,
2016 2123 2044 2170 et
2055 2113 2156 2185 pardis,
2170 2123 2199 2172 et
2210 2114 2246 2169 ti·

609 2201 730 2260 nnassis
742 2203 970 2275 purissimorum
984 2214 1047 2262 ante
1068 2206 1306 2278 transgressionem
1326 2222 1402 2264 snsnr
1455 2199 1592 2270 gridibus,
1617 2209 1644 2257 et
1664 2200 1750 2271 lupis,
1772 2210 1799 2257 et
1818 2202 1957 2273 vulpibus',
1980 2204 2090 2260 canibus
2111 2203 2191 2262 etiarn
2219 2213 2248 2260 ct
2347 2235 2350 2244 ·

609 2301 823 2366 transgressores
832 2295 919 2365 angeli
932 2310 992 2351 cunt
1003 2283 1123 2367 principe
1133 2311 1193 2366 suo,
1204 2296 1401 2365 nuncdiabolo,
1456 2289 1557 2356 siruiis,
1571 2300 1650 2362 atque
1668 2292 1695 2348 id
1706 2307 1790 2362 genus
1802 2293 1906 2350 ceteris
1920 2294 2017 2352 usitate
2028 2295 2153 2351 convenit
2165 2309 2246 2352 roca·

609 2393 669 2440 tnnc
681 2381 847 2455 archangelo
859 2383 931 2456 (narn
944 2386 1065 2441 nonnulii
1078 2387 1172 2454 nosen,
1184 2403 1236 2443 non
1249 2403 1296 2444 sos
1310 2395 1404 2459 putant
1456 2380 1548 2436 bulum
1560 2382 1716 2439 bestiarum.
1727 2384 1857 2442 Pacorum
1868 2394 1957 2443 autem
1974 2401 2072 2442 nomeu
2083 2386 2126 2443 his
2141 2387 2246 2442 anima-

608 2473 732 2532 etelestes
746 2475 790 2532 vel
806 2475 1014 2546 supercoetastcs
1031 2476 1140 2547 augelus
1158 2476 1271 2552 luisse),
1284 2494 1338 2534 non
1351 2479 1403 2534 ni·
1456 2473 1526 2530 libus
1548 2476 1774 2532 accommodatius
1794 2478 1880 2547 aptari
1897 2478 1984 2547 solet,
1995 2494 2055 2550 que
2069 2485 2133 2534 sunt
2151 2479 2178 2534 in
2197 2492 2246 2533 usu

609 2565 698 2622 rann
709 2571 773 2636 post
789 2574 925 2636 peccatum
942 2570 968 2621 ln
979 2567 1056 2622 istam
1066 2575 1128 2622 sunt
1136 2566 1237 2624 detrusi
1246 2568 1402 2640 caliginem
1456 2563 1594 2622 hominurn
1615 2585 1623 2623 ι
1644 2568 1700 2624 sive
1724 2567 1879 2638 adjuvandis
1900 2569 2051 2637 laboribus,
2071 2578 2100 2625 ut
2118 2570 2201 2626 boves
2219 2578 2248 2624 et

610 2655 650 2711 ubl
664 2664 759 2712 tamen
773 2664 803 2712 et
815 2669 862 2712 acr
870 2655 916 2724 sit,
929 2664 955 2712 et
970 2655 1082 2712 lrumore
1095 2657 1168 2712 tenui
1178 2666 1346 2726 contexatur,
1357 2658 1403 2729 qui
1456 2658 1527 2728 equi,
1541 2657 1602 2715 etsi
1618 2674 1669 2729 qua
1682 2658 1761 2725 talia;
1776 2660 1833 2716 sive
1844 2659 1878 2715 ad
1890 2660 2033 2716 laniticium
2043 2661 2066 2728 ¹,
2080 2659 2124 2716 uel
2139 2659 2174 2717 ad
2185 2673 2247 2716 ses·

608 2754 760 2802 minutus
778 2754 890 2816 renus,
910 2755 939 2802 et
955 2746 1140 2802 veliementius
1158 2748 1305 2804 concitatus
1322 2748 1403 2803 etiam
1456 2747 1620 2815 cendum,ut
1634 2763 1700 2805 cres
1712 2758 1739 2805 et
1751 2764 1823 2806 sues.

609 2837 680 2908 ⁸grtias
691 2845 721 2893 et
730 2836 860 2903 tonitrua,
872 2845 899 2891 ct
910 2844 1060 2892 contractus
1072 2836 1172 2904 nubila,
1184 2846 1212 2893 et
1222 2837 1404 2908 conspissatus
1492 2839 1536 2893 li.
1550 2837 1619 2905 Quid
1633 2853 1696 2908 ergo
1709 2847 1772 2894 sunt
1787 2839 1987 2910 quadrupedtat
1999 2839 2156 2912 Quanquam
2174 2838 2247 2895 eninr

609 2925 737 3000 pluriam,
750 2933 779 2984 et
792 2926 993 2997 congelantibus
1007 2925 1104 2982 nubilis
1117 2927 1216 2994 inirem,
1227 2936 1254 2985 ct
1269 2926 1404 2984 turbulcn-
1457 2929 1627 2996 haecomnia,
1642 2939 1740 3000 praeter
1751 2931 1872 3001 quadan
1885 2932 2032 3002 serpentia,
2045 2939 2159 3002 quatuor
2172 2929 2248 3001 pedi-

609 3017 659 3075 tius
677 3016 885 3088 congelantibus
904 3016 1071 3073 densioribus
1084 3016 1182 3073 nubilis
1195 3017 1361 3088 grandinem,
1376 3024 1405 3073 et
1457 3020 1507 3076 bus
1517 3020 1680 3092 gradiantur,
1697 3022 1746 3077 nisi
1757 3031 1845 3078 tannen
1858 3022 1909 3080 boc
1922 3024 2030 3080 nomine
2048 3022 2156 3094 proprie
2171 3036 2249 3094 quac·

609 3107 742 3164 distemus
760 3120 887 3164 serenum
910 3105 983 3174 iacit,
1006 3107 1116 3162 occultis
1137 3107 1255 3177 imperiis
1277 3116 1304 3164 et
1323 3120 1405 3179 opere
1456 3110 1518 3168 darn
1533 3111 1747 3183 velietiuteliigi,
1761 3114 2057 3185 nonutiquelricetiam
2067 3114 2248 3186 quadrupedia

611 3199 665 3268 bei,
679 3215 696 3256 a
712 3199 826 3278 summis
838 3198 873 3255 ad
886 3198 976 3254 intima
991 3199 1115 3255 unit-ersa
1129 3215 1189 3271 quae
1201 3201 1305 3256 creauit
1316 3201 1404 3257 admi·
1458 3206 1618 3270 nominaret,
1632 3206 1753 3275 quamvis
1765 3205 1799 3261 de
1813 3206 1855 3262 bis
1868 3206 1894 3261 in
1904 3206 2061 3276 repetitione
2071 3206 2191 3262 tacuerit.
2205 3206 2247 3260 dn

611 3291 762 3350 manum.
775 3290 854 3350 Unde
876 3292 904 3348 iu
926 3291 972 3347 illo
994 3292 1097 3363 psalmo
1115 3307 1175 3347 cum
1197 3301 1404 3348 commemorata
1457 3297 1538 3362 cerri,
1553 3306 1581 3352 et
1594 3296 1727 3365 damaim,
1740 3304 1767 3353 et
1777 3297 1879 3368 onagri,
1895 3305 1922 3352 ct
1934 3297 1991 3366 apri
2004 3297 2082 3369 (quia
2095 3310 2182 3366 neque
2194 3295 2249 3351 illis

610 3384 920 3457 asencientnpranto,
933 3385 988 3451 nic,
999 3385 1105 3456 glacies,
1118 3384 1222 3454 spiritur
1234 3386 1405 3457 tearrpeetuo'u
1457 3389 1549 3445 bestiis
1574 3387 1618 3443 ubi
1639 3389 1734 3445 leones
1753 3396 1832 3452 sunt,
1854 3388 1979 3458 conjungi
2000 3396 2125 3456 possunt;
2145 3385 2249 3441 similes

611 3473 1405 3545 aetaliasiuedivinaprovidentindurimoveriqueputaren·
1457 3478 1529 3536 enirn
1548 3487 1610 3533 sunt
1629 3478 1681 3534 iilis
1701 3477 2051 3548 pecoribus,nequetamen
2064 3475 2116 3531 sub
2134 3475 2249 3530 bumana

611 3575 663 3636 tur,
675 3565 1011 3636 conduuosubJecit,Qaoe
1018 3566 1115 3637 sociant
1127 3567 1287 3638 telonarius
1296 3564 1350 3637 (id.
1363 3567 1402 3637 8).
1458 3583 1522 3624 cura
1545 3566 1624 3640 sunt)
1649 3566 1756 3637 proprie
1782 3566 1964 3638 quadrupedia
1993 3573 2143 3635 ritrncupata
2167 3570 2249 3630 sunt;

645 3659 690 3716 te.
703 3656 733 3714 si
756 3667 845 3713 autent
865 3664 1074 3727 mnsgressorcs
1095 3655 1134 3711 illi
1156 3665 1297 3727 antequam
1316 3666 1404 3713 trans·
1458 3658 1534 3729 quasi
1548 3658 1649 3728 reliqua
1659 3665 1751 3713 essent
1762 3657 1820 3712 lraec
1831 3657 1966 3722 animalia,
1980 3655 2077 3726 quibus
2089 3655 2139 3710 ista
2152 3652 2248 3724 appel-

611 3747 799 3822 graderentur,
813 3746 933 3804 caelestia
952 3761 1062 3817 corpora
1079 3747 1223 3818 gerebant,
1246 3763 1332 3817 neque
1355 3747 1406 3804 boc
1458 3748 1522 3804 latio
1533 3746 1666 3819 generalis
1681 3746 1788 3817 quidern
1799 3760 1860 3801 cum
1876 3745 1967 3802 multis
1988 3751 2097 3816 propter
2108 3756 2250 3800 numerum

611 3837 709 3894 arbum
722 3843 776 3905 est,
788 3835 810 3892 sl
823 3850 953 3893 conversa
968 3845 1030 3891 sunt
1043 3851 1075 3891 ca
1093 3850 1171 3906 pmna
1185 3836 1211 3890 in
1224 3837 1324 3892 aeriam
1337 3851 1405 3907 qua·
1458 3837 1565 3908 pedum,
1581 3835 1628 3892 sed
1642 3845 1731 3891 tamen
1741 3834 1851 3906 speciali
1862 3834 2053 3906 significatione
2065 3832 2243 3890 tribueretur?

611 3929 729 3996 blatenn
743 3927 839 3999 utiam
858 3927 960 3999 possint
974 3928 1009 3983 ab
1021 3928 1091 3999 igne,
1105 3926 1131 3983 id
1154 3936 1196 3983 est
1216 3928 1251 3983 ab
1270 3928 1405 3984 elemento
1458 3931 1499 3985 An
1517 3929 1579 4001 quia
1600 3935 1641 3983 ter
1652 3928 1736 3995 dixit,
1749 3928 1886 3981 secrntdunt
1899 3942 1988 3998 qaam,
2003 3926 2052 3980 tria
2063 3923 2185 3995 quadarn
2197 3938 2246 3994 ge·

612 4031 715 4078 aautrae
727 4019 876 4092 superioris
887 4019 987 4091 aliquid
998 4020 1050 4090 pati
1061 4038 1067 4073 :
1078 4020 1204 4076 necteris
1216 4021 1406 4090 saltemspatia
1459 4037 1523 4078 nera
1541 4036 1591 4077 nos
1611 4021 1704 4075 inritat
1726 4019 1883 4075 attenderet
1897 4018 1997 4085 Primo,
2017 4015 2154 4072 usandum
2172 4030 2250 4086 qnae

611 4112 750 4186 superiora
770 4121 851 4183 atque
874 4112 998 4182 puriora,
1018 4110 1066 4167 sed
1081 4113 1131 4167 ista
1150 4110 1293 4181 caliginosa
1313 4120 1407 4169 tenere
1458 4111 1639 4182 quadrupedia
1649 4120 1675 4167 et
1690 4109 1809 4179 reptilia;
1825 4108 1870 4164 ubi
1880 4107 1994 4162 arbitror
2003 4104 2181 4176 signidcatum
2190 4119 2250 4174 quat

613 4204 735 4276 musi
749 4212 827 4268 sunt,
838 4203 883 4274 qui
900 4202 940 4259 eis
957 4217 1006 4272 pro
1024 4216 1074 4257 suo
1086 4217 1185 4273 genere
1205 4201 1314 4272 quidam
1330 4204 1405 4273 quasi
1458 4201 1638 4274 quadrupedia
1651 4201 1758 4266 dixerit,
1774 4200 1876 4255 scilicet
1888 4212 1948 4269 quaa
1966 4197 1993 4252 in
2010 4210 2108 4268 genere
2129 4202 2191 4251 sunt
2204 4209 2250 4249 re-

612 4309 705 4354 tarder
714 4302 768 4362 est,
784 4308 869 4364 usque
879 4292 912 4348 ad
924 4302 1028 4365 tempus
1036 4293 1138 4362 judicii.
1150 4293 1185 4347 Et
1200 4293 1223 4346 si
1236 4292 1300 4363 quid
1311 4292 1345 4348 de
1364 4292 1406 4349 bis
1459 4294 1575 4364 ptilium,
1588 4292 1658 4350 sieut
1672 4300 1734 4347 suut
1748 4290 1857 4355 lacerti,
1873 4288 2026 4355 stelliones,
2040 4294 2068 4342 et
2080 4286 2102 4341 si
2116 4283 2181 4356 quid
2199 4284 2251 4340 lau·

613 4383 856 4458 musgressoribus
869 4384 970 4455 augelis
980 4383 1132 4453 diligentius
1146 4381 1334 4454 requirendum
1347 4391 1405 4452 cst,
1457 4383 1575 4455 jusmodi
1585 4391 1636 4439 est.
1648 4381 1763 4452 ldcoque
1774 4382 1802 4436 in
1815 4379 1973 4451 repetitione
1982 4376 2185 4449 quadrupedum
2200 4391 2251 4430 no·

613 4477 683 4534 allus
703 4476 756 4534 erit
773 4475 999 4532 accommodatior
1017 4474 1160 4544 Scriptura
1185 4474 1269 4529 lucus.
1291 4473 1407 4530 Proinde
1460 4489 1521 4529 oren
1544 4487 1597 4528 non
1617 4471 1737 4538 iteratit,
1751 4471 1813 4541 quia
1834 4470 1968 4541 reptilium
1991 4466 2120 4523 vocabulo
2138 4465 2252 4522 iortasse

612 4567 685 4640 quod
696 4581 768 4622 nuuc
782 4567 848 4622 satis
860 4574 919 4633 est,
934 4565 957 4620 si
971 4564 1031 4620 bruc
1041 4565 1124 4633 spatia
1137 4564 1240 4619 turbida
1256 4572 1283 4619 et
1302 4564 1406 4634 proeci-
1459 4564 1613 4634 complexus
1627 4570 1690 4619 est:
1708 4560 1779 4617 unde
1792 4559 1828 4615 ibi
1840 4575 1893 4615 nou
1905 4556 2061 4627 simpliciter
2072 4556 2121 4624 ait,
2132 4555 2251 4625 ruptilia;

612 4655 680 4724 tn,
692 4665 802 4728 propter
812 4656 883 4712 acris
897 4664 1018 4710 naturam
1031 4671 1115 4725 usque
1127 4653 1161 4710 ad
1171 4654 1255 4711 undas
1269 4663 1407 4726 terrasque
1459 4652 1506 4708 sed
1520 4651 1603 4719 addit,
1620 4651 1704 4706 onorio
1715 4650 1817 4719 reptilia
1831 4660 1914 4704 terre.
1927 4646 1990 4702 ldeo
2010 4654 2099 4713 tene,
2113 4645 2175 4715 quia
2189 4653 2253 4700 sunt

612 4757 763 4820 porrectam
772 4748 793 4817 ¹,
803 4745 995 4819 possuntaeria
1005 4761 1118 4817 corpora
1132 4748 1280 4813 sustinere;
1296 4759 1407 4818 possunt
1459 4750 1487 4799 et
1499 4757 1644 4813 aquarum
1659 4750 1687 4796 et
1699 4739 1760 4795 ideo
1771 4739 1873 4804 otonis,
1888 4744 1918 4792 ut
1931 4736 1986 4792 illic
1999 4734 2180 4804 intelligantur
2191 4748 2251 4803 quse

612 4841 741 4898 uarium
755 4854 815 4910 quae
828 4838 955 4909 producta
972 4847 1035 4894 stant
1048 4853 1081 4894 ex
1095 4840 1187 4909 aquis,
1201 4849 1309 4909 propter
1325 4855 1408 4911 annun.
1459 4842 1573 4905 quatuor
1593 4832 1673 4887 etiarn
1691 4829 1803 4900 pedibus
1817 4828 1947 4894 nituntur,
1962 4840 2022 4897 qum
2042 4824 2164 4894 superius
2183 4837 2251 4892 qua-

613 4945 672 4986 ram
682 4938 778 4986 wuues
788 4909 953 4999 balitas:qui
965 4928 1228 4985 scilieeteidcmaeri
1237 4929 1406 5000 juataundas
1460 4923 1608 4994 drupedoro
1626 4920 1734 4977 nornine
1754 4920 1863 4990 proprie
1888 4917 2035 4988 signidcata
2055 4921 2129 4969 suut.
2151 4911 2253 4968 Bestias

613 5028 640 5078 et
650 5027 739 5076 terras
750 5018 922 5084 circumfuso,
936 5028 1015 5090 atque
1024 5018 1060 5073 ob
1074 5017 1126 5073 boc
1140 5019 1238 5074 intimae
1250 5033 1282 5074 ac
1293 5028 1407 5077 terrerum
1460 5027 1560 5084 autern,
1572 5017 1606 5072 de
1620 5016 1714 5086 quibus
1728 5014 1793 5070 itcnt
1806 5014 1854 5080 ait,
1866 5010 2006 5068 enudant
2016 5024 2112 5081 gaona,
2124 5003 2253 5078 quidquid

614 5109 681 5181 parti
694 5108 1004 5180 deputato,raporalitcr
1019 5107 1182 5174 inseruntur,
1199 5117 1225 5164 et
1242 5122 1321 5164 auras
1340 5109 1407 5165 inte·
1460 5124 1508 5165 ore
1527 5107 1670 5163 autetiam
1687 5104 1818 5175 unguibus
1837 5103 1923 5168 sarta,
1937 5100 2056 5171 exceptis
2074 5096 2253 5169 serpentibus.

614 5209 758 5272 anaeque
769 5200 907 5257 nocturnis
920 5200 1051 5272 rigoribus
1062 5207 1212 5271 aggravata
1220 5214 1315 5257 sereno
1326 5201 1407 5258 etiarn
1460 5199 1561 5255 Pecora
1572 5211 1637 5254 vero
1647 5195 1681 5252 de
1691 5194 1788 5266 quibus
1799 5195 1879 5250 tertio
1888 5193 1937 5258 ait,
1947 5188 2083 5246 αωιιάιιιιι
2093 5202 2183 5259 qast.
2194 5201 2255 5255 (1οθ

613 5307 675 5351 mre
686 5291 832 5359 distillani;
845 5293 867 5349 si
877 5301 967 5349 autem
979 5292 1254 5367 veliementiusirigus
1265 5303 1316 5364 est,
1325 5296 1406 5353 etiam
1461 5298 1554 5347 neutra
1568 5288 1595 5344 vi
1608 5288 1738 5353 lacerant,
1753 5285 1800 5341 000
1814 5294 1860 5341 000
1873 5281 2010 5347 000οῑ000.
2026 5288 2074 5336 0οῑ
2083 5294 2117 5336 00
2131 5278 2183 5334 000
2195 5278 2254 5349 ‘tud‘

612 5385 674 5456 gelu
686 5383 830 5442 candidius
841 5385 1018 5442 inalbescunt.
1460 5379 1533 5438 dem.
1543 5377 1656 5434 eradiat
1667 5376 1739 5433 enirn
1752 5385 1779 5432 et
1790 5372 1991 5446 quadrupedum
2003 5385 2101 5427 nomeu
2111 5383 2190 5440 quant
2201 5369 2255 5426 tate

613 5476 729 5535 CAPUT
748 5476 795 5533 itt.
808 5508 844 5518 -
857 5477 991 5533 Tractatio
1003 5495 1067 5534 cers.
1080 5478 1148 5535 diet
1162 5478 1217 5545 25,
1233 5479 1276 5535 uit
1289 5480 1408 5537 denariis
1461 5478 1561 5545 pateat,
1579 5468 1747 5541 ipsopedunt
1762 5481 1874 5522 numero
1888 5464 1964 5521 laciie
1976 5462 2094 5535 agnosci,
2106 5470 2134 5517 et
2147 5458 2255 5515 nomine

727 5569 895 5624 annianum
906 5569 1038 5642 nrnrriirn
1056 5571 1147 5626 crearis
1165 5573 1197 5626 ris
1211 5581 1288 5627 rm,
1461 5575 1588 5634 pecorum
1610 5558 1651 5615 nel
1668 5558 1814 5614 bestiarum
1832 5570 1913 5612 omne
1926 5552 2080 5609 irrationale
2092 5548 2189 5606 anitnal
2202 5546 2254 5602 ali·

649 5663 695 5722 ld.
717 5661 1047 5731 dissimulitudinem
1063 5673 1131 5719 terra
1143 5667 1255 5720 antinum
1268 5667 1350 5720 nisan
1366 5683 1408 5721 ss.
1461 5652 1567 5724 quando
1580 5648 1781 5721 comprehendi.
1796 5646 1849 5704 Sed
1868 5645 1948 5702 etiam
1965 5643 2080 5699 terarum
2097 5636 2255 5696 vocabulum

615 5755 726 5812 eandm
736 5769 816 5828 mss
827 5769 836 5810 .·
847 5753 1032 5826 quadrupedia,
1041 5761 1066 5808 et
1077 5755 1220 5825 rapidique
1232 5756 1323 5811 tertias
1336 5764 1409 5811 rmn-
1462 5744 1532 5800 solet
1551 5742 1578 5798 in
1601 5743 1682 5797 latina
1703 5740 1791 5812 lingua
1810 5737 1974 5795 tantumdem
1994 5735 2084 5791 ualere
2099 5749 2106 5786 :
2121 5745 2174 5786 nou
2193 5727 2255 5832 ideo

617 5845 756 5903 usandum
769 5859 863 5917 yses,
877 5854 901 5899 et
913 5861 1005 5916 peroro
1018 5844 1154 5900 mndata
1167 5862 1256 5917 qaum.
1268 5844 1302 5900 Et
1314 5850 1409 5918 facturn
1464 5843 1552 5890 nmen
1567 5831 1725 5904 negligenda
1739 5831 1788 5887 luit
1805 5827 1994 5892 considemtio,
2007 5820 2139 5922 quomodo
2151 5825 2257 5889 possunt

618 5937 708 5993 attic.
721 5935 757 5991 tn
772 5935 831 6008 {ecit
844 5934 913 5991 betta
931 5936 1020 5991 bestias
1038 5944 1112 5991 terre
1126 5937 1263 5993 urendam
1283 5953 1372 6009 genua,
1386 5946 1410 5994 rt
1463 5925 1523 5981 baec
1543 5923 1670 5990 nomina,
1690 5936 1750 5994 quae
1764 5936 1817 5977 uon
1831 5919 1930 5976 trustra
1949 5917 1975 5971 in
1991 5916 2041 5970 boc
2057 5911 2255 6012 Scripturarnat

619 6043 709 6100 pecora
723 6027 861 6084 malam
869 6044 963 6101 genua,
978 6037 1001 6083 et
1012 6028 1097 6084 omnio
1117 6029 1218 6100 reptilia
1233 6038 1307 6084 terroe
1319 6045 1410 6085 secan·
1463 6015 1524 6073 1000
1537 6014 1623 6085 1000000
1637 6020 1710 6081 000οι
1723 6012 1804 6069 essim
1819 6008 1928 6082 Spiclin
1941 6002 2108 6063 difflssfflilssti
2120 5998 2257 6068 01000οῐ0οι

620 6171 622 6178 -
649 6140 748 6203 'elim
767 6149 886 6209 portcda
905 6142 1064 6196 smemlamus
1081 6146 1222 6199 auctoritate
1239 6153 1308 6210 lta,
1327 6159 1410 6214 porre-
1496 6144 1705 6202 trluresettss,
1716 6147 1832 6212 repentes·

618 6205 688 6254 h
1481 6197 1966 6289 'tmaanropemmtmturtctaa-
2016 6263 2021 6272 .
