5709 7534
626 829 695 886 tosa
1142 887 1144 894 ,
1218 855 1220 860 -
1251 825 1295 900 uc
1314 819 1501 881 scutrmm
1521 823 1640 882 sautia.
2180 810 2247 865 test

623 942 716 996 tudine
724 950 751 996 et
762 940 857 996 rii-tute
866 954 925 995 eum
937 939 991 994 tint
1003 938 1126 1008 majores,
1138 952 1189 992 non
1201 939 1408 1010 portantadrer-
1463 948 1616 992 marceseet.
1630 937 1725 994 Beatus
1740 940 1779 996 uir
1796 943 1840 1014 qui
1863 941 1956 1000 suiiert
1975 933 2166 1001 tentationem
2185 924 2242 993 ‘lust

623 1029 1031 1100 xrisseexsecrahttejudtuun.
1046 1028 1078 1084 lii
1097 1043 1160 1083 uero
1178 1028 1251 1082 veltet
1270 1028 1408 1082 irratioua-
1462 1039 1522 1079 cum
1549 1027 1676 1098 probatus
1707 1029 1803 1096 iuerit,
1825 1033 1937 1104 accipiet
1970 1049 2096 1093 coronam
2128 1011 2190 1067 ’Μ
2213 1013 2244 1080 'r

623 1123 684 1178 bilia
701 1137 795 1192 perora
809 1121 962 1176 naturaliter
975 1119 1158 1190 inuptonen
1172 1127 1200 1174 et
1213 1116 1364 1187 perniciem,
1381 1117 1407 1170 in
1461 1131 1539 1185 quam
1553 1120 1703 1188 repromisit
1715 1121 1785 1177 beus
1796 1122 1964 1195 diligentibus
1975 1141 2015 1184 se.
2031 1127 2063 1183 lit
2077 1137 2134 1200 port
2150 1104 2244 1176 imm·

624 1212 656 1268 iis
669 1227 727 1282 quae
742 1213 864 1282 ignorant
877 1212 1106 1282 blasphemantes,
1128 1209 1155 1265 in
1173 1208 1341 1278 ciinuptione
1361 1221 1407 1261 sna
1461 1205 1514 1259 iam
1525 1220 1534 1260 :
1547 1205 1631 1263 littlite
1644 1209 1731 1280 itaqua
1745 1227 1845 1279 errare,
1859 1213 1953 1273 iratres
1965 1216 2138 1276 dilectissimi.
2159 1194 2245 1251 ⁰¹⁰⁰⁰

623 1303 758 1373 peribunt,
775 1302 949 1372 percipientes
962 1301 1112 1357 tnercedets
1123 1297 1271 1369 injustitia,
1287 1297 1407 1366 rolupta-
1459 1293 1699 1366 datumoptimum,
1711 1308 1739 1355 et
1750 1317 1828 1358 omne
1841 1303 1938 1361 donum
1948 1308 2092 1380 pericctum
2102 1303 2245 1371 desur'um

623 1405 675 1450 tem
689 1395 870 1450 existimantes
883 1393 935 1448 dici
947 1393 1064 1458 delicias,
1076 1390 1303 1461 coinquinationes
1315 1397 1342 1443 et
1353 1403 1408 1443 ma·
1459 1393 1511 1450 est,
1526 1381 1690 1443 descendens
1702 1404 1717 1442 a
1731 1389 1808 1447 Patre
1818 1392 1956 1450 luminum.
1969 1396 2001 1450 Et
2013 1408 2068 1468 port
2082 1417 2174 1471 paucos
2184 1417 2243 1458 w.

621 1487 689 1540 cula·
707 1484 811 1541 deliciis
823 1483 979 1549 aiiiuentes,
995 1484 1022 1538 in
1035 1481 1162 1538 conviviis
1176 1481 1231 1536 suis
1244 1479 1407 1535 luxuriantes
1460 1490 1503 1528 tux
1512 1473 1619 1542 :Scitis,
1636 1478 1730 1534 iratres
1742 1481 1794 1536 mci
1805 1481 1967 1540 dilectissimi
1981 1506 1987 1541 :
2002 1488 2042 1543 Sit
2053 1501 2141 1545 autem
2155 1493 2242 1547 carnis

622 1579 773 1643 uobiscum,
789 1577 881 1632 cerritis
900 1575 1027 1631 hahentes
1039 1574 1132 1645 plenos
1144 1571 1266 1628 adulterii
1281 1579 1308 1627 et
1320 1571 1407 1624 ineos·
1460 1562 1540 1618 bomo
1552 1566 1628 1622 uelox
1640 1568 1673 1622 ad
1685 1569 1859 1636 erudiendum,
1875 1579 1965 1628 tardus
1978 1581 2010 1630 ad
2021 1580 2198 1647 loquendam,
2214 1589 2243 1637 et

622 1668 713 1722 miritis
722 1667 822 1732 delicti,
835 1665 997 1736 pellicientes
1006 1666 1107 1719 animas
1115 1663 1260 1727 instabiles,
1274 1676 1321 1717 cor
1331 1677 1408 1717 exer·
1458 1651 1551 1708 tardus
1564 1655 1597 1710 ati
1616 1658 1690 1714 iram.
1710 1657 1749 1714 ira
1763 1661 1833 1716 enirn
1849 1663 1896 1716 riri
1908 1663 2036 1733 justitiam
2050 1667 2096 1722 liei
2109 1685 2162 1724 tion
2176 1686 2242 1740 ope·

621 1757 730 1811 citatum
744 1757 770 1810 in
781 1756 889 1810 auaritia
904 1755 1041 1821 hahentes,
1056 1751 1246 1808 maledictionis
1258 1751 1314 1817 lilii,
1326 1749 1405 1805 dere·
1458 1754 1541 1801 ratur.
1558 1747 1669 1820 Propter
1680 1752 1750 1822 quod
1761 1753 1915 1823 abiicientes
1931 1771 2035 1812 ominem
2047 1758 2240 1816 immunditiam

622 1845 772 1916 linquentes
795 1853 892 1900 rectam
906 1844 975 1898 riam
993 1852 1159 1898 erraverunt.
1181 1839 1215 1894 Et
1237 1849 1293 1910 poet
1314 1855 1405 1912 paitcos
1457 1845 1485 1892 et
1499 1837 1685 1895 abundantiam
1700 1844 1823 1913 malitie,
1846 1847 1872 1901 in
1893 1849 2093 1906 mausuetudine
2115 1854 2240 1924 suscipite

621 1951 724 1989 carrae:
740 1934 859 2004 Superba
880 1931 949 1988 cuim
966 1932 1088 1988 raritatis
1102 1932 1255 2002 loquentes,
1271 1930 1406 2000 pelliciunt
1457 1926 1565 1982 insitum
1579 1932 1703 1999 verbum,
1721 1935 1791 2006 quod
1803 1945 1889 2006 potest
1901 1939 2003 1994 saltare
2015 1940 2116 1996 animas
2128 1953 2239 1998 vestras.

622 2025 647 2079 iu
660 2024 799 2079 desideriis
813 2023 901 2079 carnis
916 2023 1034 2088 luxuria,
1049 2036 1096 2078 cos
1113 2021 1157 2092 qui
1179 2020 1315 2090 paululum
1337 2019 1404 2074 eiiu-
1457 2017 1549 2075 Estote
1561 2031 1648 2076 autem
1661 2021 1776 2081 iactares
1786 2027 1868 2093 serbi,
1879 2033 1906 2082 et
1920 2044 1972 2083 non
1982 2030 2115 2087 auditores
2126 2041 2239 2100 tantum,

620 2117 710 2185 pirent,
734 2116 778 2186 qui
801 2119 826 2170 in
850 2131 942 2171 errore
963 2122 1162 2177 conversantur,
1185 2112 1332 2168 libertatem
1354 2111 1405 2166 iilis
1458 2109 1578 2168 labentes
1592 2116 1777 2186 vosmetipsos.
1792 2116 1858 2186 Quia
1870 2119 1892 2173 si
1907 2120 1965 2190 quis
1980 2121 2085 2177 ariditor
2099 2133 2140 2179 est
2151 2123 2240 2190 serbi,

621 2206 816 2276 promittentes,
827 2219 886 2260 eum
902 2205 955 2275 ipsi
966 2204 1035 2259 servi
1049 2204 1101 2259 sint
1115 2201 1301 2274 corruptionis.
1316 2202 1338 2256 tt
1352 2213 1404 2271 quo
1456 2209 1484 2255 et
1506 2216 1558 2257 non
1580 2203 1673 2270 iactor,
1699 2204 1743 2261 bic
1767 2207 1962 2278 comparabitur
1983 2210 2037 2265 siro
2062 2211 2241 2268 consideranti

620 2295 690 2349 enirn
702 2296 760 2365 quis
773 2304 911 2366 superatus
925 2303 976 2362 est,
991 2294 1069 2364 lartius
1083 2305 1109 2349 et
1121 2308 1213 2350 sersus
1226 2302 1277 2347 est.
1291 2291 1318 2347 st
1332 2293 1402 2348 enim
1456 2289 1555 2345 t'uitum
1569 2293 1712 2349 natiuitatis
1722 2311 1777 2351 suae
1792 2296 1818 2352 in
1833 2299 1941 2367 speculo
1953 2317 1959 2353 :
1974 2300 2152 2356 consideravit
2165 2303 2238 2358 enim

620 2387 779 2454 refugientes
792 2386 1020 2457 coinquinationes
1039 2383 1129 2439 mundi
1150 2384 1175 2438 in
1190 2382 1339 2454 cognitione
1353 2381 1404 2438 llo-
1455 2392 1500 2444 se,
1523 2389 1550 2436 et
1562 2381 1642 2449 abiit,
1663 2393 1690 2438 ct
1702 2386 1790 2439 statim
1809 2385 1905 2441 oblitus
1919 2396 1961 2443 est
1981 2390 2064 2458 qualis
2086 2389 2173 2445 itterit.
2189 2391 2240 2459 Qui

619 2476 684 2531 ntiui
703 2478 784 2537 nostri
797 2476 935 2531 saluatitris
947 2475 1010 2531 lesu
1028 2473 1143 2537 Christi,
1159 2471 1200 2528 liis
1214 2485 1305 2526 rursus
1319 2472 1404 2544 impii·
1455 2476 1543 2523 autem
1556 2473 1720 2540 perspexerit
1730 2472 1821 2544 inleqe
1832 2474 1955 2544 periectas
1964 2477 2092 2533 libertatis
2102 2481 2123 2543 ⁸,
2138 2489 2164 2535 et
2176 2495 2239 2549 per

618 2569 670 2624 cati
689 2576 860 2637 superautar;
876 2566 944 2623 iacta
964 2574 1026 2621 sunt
1046 2565 1087 2620 cis
1107 2564 1252 2634 posteriora
1270 2563 1402 2618 deteriora
1454 2559 1581 2613 manserit
1600 2559 1626 2614 in
1639 2576 1687 2624 ea,
1711 2577 1762 2617 non
1782 2563 1886 2619 auditor
1902 2565 2046 2623 obliviosus
2068 2569 2168 2636 iactus,
2189 2571 2238 2626 sed

619 2658 760 2727 prioribus.
772 2656 864 2712 Melius
873 2657 945 2712 euim
958 2663 1015 2711 erat
1029 2654 1081 2710 illis
1094 2669 1146 2708 nun
1159 2666 1319 2722 cogitoscerc
1333 2652 1401 2706 riam
1456 2644 1539 2702 iactor
1551 2649 1648 2718 operis,
1663 2650 1706 2705 hic
1715 2651 1808 2707 beatus
1821 2653 1847 2707 in
1861 2653 1929 2710 iacto
1942 2670 1990 2710 suo
2004 2658 2063 2712 erit.
2078 2657 2106 2713 st
2119 2659 2178 2728 quis
2191 2675 2240 2714 au-

615 2747 735 2814 iustitia,
750 2762 828 2816 quam
849 2754 908 2816 post
921 2746 1098 2816 agnitionem,
1117 2752 1261 2798 retrorsum
1282 2739 1401 2797 conuerti
1454 2743 1507 2791 iem
1522 2745 1596 2807 putat
1607 2753 1636 2794 se
1647 2739 1799 2811 religiosum
1814 2757 1890 2810 esse,
1904 2760 1957 2800 non
1971 2745 2107 2802 refrenans
2122 2750 2238 2820 linguatu

616 2837 708 2901 abeo,
723 2837 792 2908 quod
808 2837 859 2892 iilis
872 2835 995 2890 traditum
1008 2842 1066 2900 est,
1082 2844 1173 2888 sancto
1186 2832 1319 2887 mandato.
1333 2830 1402 2886 Con·
1453 2841 1538 2890 suam,
1552 2829 1599 2882 scd
1612 2830 1741 2887 seducens
1752 2846 1798 2887 cor
1810 2847 1897 2899 suum,
1910 2835 1988 2906 huius
1998 2853 2064 2891 rana
2078 2848 2118 2893 est
2134 2841 2238 2909 religio.
2346 2911 2349 2916 .

617 2913 680 2998 tigit'
696 2930 766 2983 euim
790 2928 840 2982 iilis
863 2926 927 2983 illud
949 2926 1005 2982 veri
1030 2924 1184 2996 prouerbii:
1211 2923 1289 2977 (larris
1312 2937 1401 2978 rcror-
1454 2919 1555 2990 liellqio
1567 2921 1662 2975 munda
1677 2931 1704 2976 et
1723 2923 1888 2980 immaculata
1903 2927 1972 2997 apud
1987 2929 2069 2983 ileum
2084 2939 2111 2984 et
2133 2931 2238 2987 Patrem

615 3035 662 3074 ms
690 3020 723 3072 ad
752 3018 878 3074 ,mustum
901 3033 994 3082 suum
1020 3028 1061 3082 ct,
1091 3015 1143 3074 sps
1169 3016 1224 3071 1011
1248 3015 1273 3069 jn
1297 3016 1399 3071 potqua-
1453 3008 1510 3063 hac
1528 3019 1569 3064 est
1589 3009 1718 3067 :visitare
1741 3014 1855 3084 pupillos
1874 3015 2004 3071 etriduas
2029 3018 2055 3072 in
2070 3019 2237 3076 tribulatione

617 3107 666 3164 bfo
680 3108 736 3163 lup·
1276 3133 1280 3142 .
1450 3113 1554 3168 eorum,
1567 3108 1594 3154 et
1604 3101 1799 3158 immaculatum
1810 3119 1839 3160 se
1854 3106 1987 3163 custodire
2001 3108 2035 3162 ah
2048 3109 2099 3165 boe
2111 3113 2218 3167 saeculo.

651 3197 685 3251 p,
700 3208 756 3268 po„
768 3198 923 3266 ,nmmum
941 3193 1023 3269 [11sp
1044 3192 1109 3250 cum
1131 3195 1187 3250 pm
1200 3194 1287 3250 omnia
1305 3193 1400 3250 disson
1486 3186 1542 3264 [ιι]
1555 3191 1661 3266 Fratres
1675 3194 1738 3259 mei,
1755 3195 1838 3252 nolite
1857 3195 1883 3252 in
1894 3212 2068 3268 personarum
2084 3204 2237 3274 acceptione

615 3290 700 3344 erfrida
714 3290 776 3355 sint,
789 3290 880 3358 quales
891 3296 995 3358 oportet
1006 3301 1065 3344 esse
1079 3301 1126 3344 vos
1138 3288 1165 3342 in
1177 3287 1275 3344 sanctis
1288 3302 1399 3344 mutuer-
1451 3279 1548 3338 babere
1569 3283 1646 3340 uuam
1660 3285 1763 3341 Domini
1784 3288 1868 3344 nostri
1888 3289 1951 3345 lesu
1968 3289 2065 3348 Christi
2079 3293 2180 3364 gloriae.
2200 3295 2236 3350 ist

615 3379 761 3434 palponibus
772 3388 799 3434 ep
811 3378 970 3448 9531,qu
982 3387 1165 3448 exspectantes
1179 3386 1206 3433 02
1226 3386 1398 3448 properant„
1450 3383 1508 3444 post
1518 3361 1615 3444 ciiqrioe
1632 3391 1716 3430 emur
1730 3392 1740 3430 :
1753 3376 1859 3446 Audite,
1874 3376 1969 3435 iratres
1982 3382 2032 3437 mei
2049 3382 2236 3444 dilectissimi:

615 3468 641 3522 n
655 3468 794 3523 att-earum
809 3468 861 3522 otu
875 3467 931 3523 net.
947 3466 979 3522 tn
989 3467 1065 3538 pauc
1076 3477 1131 3536 pto
1142 3483 1152 3523 .·
1164 3467 1327 3535 curasan,
1341 3467 1398 3524 ttae
1449 3477 1538 3518 raonne
1552 3464 1620 3518 neas
1632 3464 1710 3536 eiecit
1728 3481 1858 3538 cauturos
1871 3468 1897 3524 tn
1917 3471 2085 3539 trocmundo
2100 3474 2195 3532 divites
2209 3477 2237 3534 ia

614 3567 798 3627 exspectantes
810 3557 918 3628 satagite
934 3556 1095 3612 immaculati
1107 3566 1135 3614 et
1154 3557 1271 3634 inviolati
1285 3556 1398 3613 insertiri
1450 3551 1512 3619 ilde,
1527 3560 1554 3607 el
1565 3545 1684 3609 baettedes
1698 3557 1772 3626 regui
1791 3557 1862 3628 quod
1875 3561 2026 3629 repromisit
2040 3563 2109 3619 Deus
2124 3565 2235 3637 diligen-

615 3648 641 3702 in
658 3662 737 3716 pace,
757 3655 783 3702 et
805 3646 908 3701 ilomiui
928 3646 1012 3700 nostri
1030 3646 1270 3718 longanimitatem,
1285 3647 1397 3702 salutern
1449 3643 1520 3699 tibus
1540 3644 1588 3700 sci
1605 3645 1659 3700 Vos
1671 3655 1759 3702 aretem
1778 3641 1960 3705 exhonorastis
1975 3667 2127 3722 pauperem.
2142 3655 2237 3712 Nonne

613 3740 787 3796 arltitramiui.
805 3737 839 3792 Et
853 3738 904 3792 olio
920 3738 994 3792 ioco:
1009 3736 1063 3793 Vos
1082 3739 1174 3808 igitur,
1197 3738 1306 3803 iratres,
1330 3753 1397 3808 prac-
1448 3733 1543 3790 divitcs
1557 3738 1759 3806 perpotentiam
1781 3738 1932 3810 opprimunt
1944 3755 2009 3808 ros,
2024 3751 2051 3796 et
2066 3742 2115 3812 ipsi
2130 3744 2237 3801 trahunt

614 3831 728 3885 seientes
749 3828 896 3894 custodite,
916 3843 949 3882 ne
969 3826 1146 3898 insipientium
1159 3842 1251 3884 errore
1265 3827 1395 3894 traducti,
1448 3839 1496 3881 vos
1516 3824 1549 3880 ad
1561 3825 1678 3896 judiciai
1692 3827 1783 3883 Nonne
1798 3829 1846 3899 ipsi
1863 3828 2047 3901 blasphemant
2067 3833 2166 3888 bonum
2183 3850 2235 3890 no-

613 3919 741 3974 eacidatis
761 3933 776 3972 a
798 3918 903 3988 propria
924 3916 1057 3972 ilrmitate.
1071 3915 1188 3972 Crescite
1201 3930 1264 3971 vcro
1288 3917 1314 3971 in
1335 3931 1408 3987 qma
1448 3911 1518 3978 nien,
1532 3915 1603 3986 quod
1616 3915 1764 3972 invocatum
1777 3925 1819 3973 est
1832 3934 1911 3989 super
1925 3920 1991 3976 rosi
2004 3922 2031 3978 Si
2048 3933 2133 3979 tamen
2149 3925 2236 3996 legent·
2312 3971 2324 3984 .

614 4013 650 4066 tia
665 4021 692 4066 et
703 4010 729 4065 in
743 4009 893 4080 coercitione
906 4007 1008 4063 bomini
1027 4006 1108 4061 nostri
1130 4017 1157 4063 et
1176 4007 1314 4062 salvatoris
1332 4006 1395 4062 lesu
1448 4005 1574 4075 perileltis
1587 4007 1702 4078 requiem
1722 4008 1867 4064 seecundum
1880 4009 2040 4082 Scripturas,
2059 4013 2156 4086 Diliges
2170 4031 2234 4086 pro·

613 4103 722 4158 (bristi.
754 4100 805 4172 lpsi
819 4099 917 4170 gloria,
939 4106 967 4154 et
978 4111 1048 4154 nunc
1060 4106 1088 4152 et
1100 4097 1125 4152 in
1145 4096 1215 4154 dicun
1229 4095 1393 4152 atemitatis.
1448 4095 1547 4149 ximum
1561 4103 1636 4150 tuum
1655 4097 1723 4152 sieut
1741 4098 1871 4170 teipsum,
1894 4097 1962 4157 benc
1980 4101 2074 4156 iacitis.
2096 4103 2124 4158 Si
2145 4114 2234 4160 autem

612 4194 708 4248 Amen.
1176 4201 1180 4208 ·
1447 4201 1576 4256 personas
1593 4187 1728 4259 accipitis,
1742 4197 1879 4260 peccatum
1893 4191 2049 4262 operamini,
2070 4194 2203 4265 redarguti
2217 4211 2234 4250 a

819 4281 861 4336 DE
880 4277 1041 4336 EPlST01.h
1060 4277 1184 4334 thOlll.
1447 4279 1506 4350 lege
1523 4279 1597 4352 quasi
1610 4287 1829 4351 transgressores.
1845 4279 1879 4336 Et
1896 4292 1953 4354 poxt
1965 4299 2057 4354 ponem
2069 4301 2154 4340 unaue
2165 4303 2175 4341 .·
2187 4285 2235 4342 io·

648 4371 723 4445 [Cap.
739 4371 770 4445 ul
792 4369 875 4428 Omne
895 4369 1019 4441 gaudium
1033 4369 1196 4434 existimate,
1218 4365 1312 4424 iratres
1326 4368 1392 4436 mci,
1446 4357 1636 4425 diciturenim
1653 4369 1711 4426 sine
1726 4369 1906 4426 misericordia
1928 4371 1964 4427 iiii
1976 4373 2021 4444 qui
2036 4388 2088 4430 nou
2104 4373 2167 4432 iccit
2181 4379 2234 4432 mi-

611 4477 672 4518 cum
686 4462 712 4515 in
726 4461 883 4516 t.·ntatioues
901 4459 988 4515 varias
1010 4459 1169 4526 incideritis;
1192 4459 1307 4516 scientes
1323 4460 1394 4532 quod
1446 4457 1627 4516 sericordiant.
1640 4459 1841 4532 superexsultat
1858 4463 1946 4518 auteni
1967 4463 2147 4521 misericordia
2158 4467 2233 4538 iudi-

613 4552 733 4622 probatin
747 4549 806 4606 tidei
829 4560 924 4605 restrae
936 4549 1088 4620 patientiam
1102 4557 1227 4619 operatur
1242 4564 1249 4603 :
1269 4549 1394 4618 patientia
1444 4549 1488 4606 elo
1501 4549 1522 4604 ⁸.
1873 4551 1880 4562 “

610 4653 699 4697 atatem
713 4655 780 4710 opus
792 4639 934 4708 pericctum
948 4637 1038 4706 habet,
1052 4645 1083 4692 ut
1096 4636 1153 4693 sitis
1165 4637 1275 4708 periecti
1288 4646 1315 4694 et
1327 4637 1394 4694 iute-
1481 4635 1516 4692 m
1526 4637 1815 4714 portoiiqttuntatmbrn]
1825 4639 1927 4696 :Nolite
1937 4641 2024 4712 plures
2034 4643 2152 4714 ntagistri
2164 4645 2232 4712 lieri,

611 4732 661 4804 gri.
678 4733 703 4786 in
716 4731 788 4785 nullo
802 4729 962 4784 deiicientes.
983 4727 1011 4784 Si
1025 4729 1084 4802 quis
1096 4737 1183 4784 autern
1195 4737 1312 4784 restrum
1326 4728 1393 4784 indi-
1446 4729 1540 4786 iratres
1552 4731 1614 4795 mei,
1625 4731 1741 4786 scientes
1750 4731 1874 4802 quoniam
1884 4733 1970 4802 majus
1979 4733 2106 4804 iudicium
2117 4737 2230 4792 sumitis.

610 4833 655 4892 pet
667 4819 806 4893 sapientia,
818 4819 955 4892 postulata
966 4819 1030 4884 ileo,
1042 4819 1084 4886 qui
1096 4818 1141 4873 dat
1151 4819 1273 4874 omnibus
1282 4817 1394 4875 ahiucn·
1446 4819 1475 4876 in
1490 4820 1580 4876 multis
1593 4821 1664 4877 enirn
1686 4819 1845 4877 oiiondimus
1864 4837 1967 4879 omnes.
1990 4824 2018 4880 Si
2032 4825 2091 4896 quis
2109 4827 2135 4884 in
2149 4829 2232 4884 verbo

611 4921 662 4978 ter,
677 4921 704 4968 et
715 4927 767 4967 non
779 4911 954 4982 intproperat;
970 4919 998 4965 et
1011 4909 1115 4964 dabitur
1124 4910 1158 4963 ei.
1173 4909 1290 4967 Postulat
1304 4919 1392 4966 autem
1445 4924 1499 4964 non
1521 4907 1647 4975 oiiendit,
1667 4908 1710 4965 hic
1732 4910 1862 4979 periectos
1885 4921 1927 4967 est
1949 4912 1997 4968 rlr.
2020 4913 2111 4972 Potest
2130 4917 2232 4973 extant·

611 5005 637 5058 ba
655 5002 716 5070 ilde,
731 5000 797 5058 nibil
811 5001 945 5056 haesitans.
961 4999 1010 5068 Qui
1024 4998 1095 5055 enim
1110 4999 1227 5066 haesitat,
1247 5001 1340 5058 sinriiis
1352 5011 1393 5058 est
1445 4999 1522 5054 ircno
1533 4999 1732 5080 circumducere
1750 5009 1833 5057 uatum
1849 5016 1954 5074 corpus.
1971 5003 2002 5059 Et
2014 5005 2064 5072 olio
2079 5007 2133 5063 ioco
2144 5025 2154 5063 .·
2165 5008 2231 5066 ltin·

610 5093 700 5149 ductui
722 5093 817 5158 tataris,
832 5091 876 5163 qui
895 5100 1003 5147 averita
1020 5077 1144 5146 incretur'
1154 5098 1180 5145 ct
1197 5090 1391 5149 circumiertur.
1444 5105 1523 5174 quarn
1536 5101 1624 5146 autem
1637 5090 1725 5146 trullus
1735 5090 1871 5147 hominum
1884 5091 1994 5152 domare
2004 5105 2092 5168 potest
2106 5116 2113 5153 :
2129 5099 2232 5172 inquie-

609 5186 668 5242 Nan
689 5186 760 5241 enim
775 5186 888 5240 aestimet
901 5182 981 5239 homo
1002 5183 1047 5238 iile
1060 5179 1130 5253 quod
1144 5181 1254 5253 accipiat
1265 5183 1362 5254 ailquid
1376 5200 1391 5239 a
1855 5251 1858 5256 Ι

611 5277 733 5334 lietuino.
748 5275 794 5329 i'ir
815 5273 910 5344 duplex
925 5271 1030 5336 animo,
1051 5273 1204 5327 inconstans
1225 5271 1251 5326 in
1270 5273 1392 5330 omnibus
1477 5285 1596 5336 ¹sicitas.
1607 5297 1662 5336 eum
1678 5287 1851 5340 saerissihiiis.
1863 5295 1892 5340 tt
1902 5289 1961 5346 editi
1977 5265 2118 5358 'habebare
2129 5296 2232 5364 accipter

609 5367 659 5422 riis
673 5366 737 5420 suis.
762 5364 896 5420 Glorietur
913 5371 1002 5418 autem
1021 5359 1104 5416 irater
1123 5359 1230 5416 humilis
1243 5359 1270 5415 ln
1289 5363 1391 5440 exalta·
1443 5347 1651 5466 affatuum
1738 5409 1978 5477 'mmmm
1987 5412 2129 5468 mm
2143 5418 2232 5469 ml·

609 5449 1393 5522 tionexua,divesautcminhumilitatemmquoniamsic·
1443 5461 1590 5582 mepte„
1735 5530 1740 5542 Ι
1772 5485 1852 5538 Μ
1872 5473 2085 5542 mmm,
2130 5479 2231 5542 mam

609 5557 638 5605 ut
652 5549 702 5605 iios
727 5545 780 5603 leiti
806 5544 925 5600 transiet.
941 5542 1056 5598 Exortus
1069 5549 1110 5596 est
1130 5541 1201 5598 enirn
1215 5543 1255 5597 sni
1273 5557 1333 5598 eum
1347 5557 1392 5598 ar·
1444 5535 1631 5655 mu&
1736 5545 1811 5584 m
1820 5534 1945 5606 menta
1961 5533 2039 5595 heo,
2055 5490 2231 5598 pesenacum

607 5642 690 5706 uon,
706 5648 733 5694 a
744 5636 851 5692 aretem
872 5631 1141 5702 resumensque
1154 5631 1261 5696 ceute,
1274 5632 1392 5694 ortem
1444 5663 1533 5716 ,m
1566 5669 1569 5674 .
1602 5593 1996 5662 ‚metamaucum
2009 5603 2189 5661 uer-‚nun
2206 5601 2231 5650 n

608 5735 698 5788 rultus
717 5731 775 5799 ejas
793 5727 926 5798 deperiit:
942 5725 1019 5780 itaet
1040 5723 1115 5781 diuet
1132 5723 1158 5780 in
1186 5725 1323 5781 itineribus
1335 5723 1391 5778 suis
1444 5710 2147 5826 τῶἔῦὤῠοᾴᾙξυᾳψιιιμωᾙὸιωῧωιῗ
2157 5716 2230 5827 dludi·

1439 5811 1570 5898 i'uthdmt
1582 5777 2230 5910 suntidffiofflbigf'iffiiwnbb’

608 5906 823 5971 tttnptenaoroun,
842 5901 905 5974 quod
927 5901 1167 5954 nmnuiiisitasonat
1182 5897 1390 5974 :plommidesq
1443 5903 1491 5956 tot,
1505 5897 1741 5969 nupapuntnuttx,
1756 5903 1854 5960 tuque.
1872 5896 1953 5974 hirrs3
1982 5903 2171 5973 uxtxgraecmn,
2189 5900 2230 5952 tm

607 5968 724 6067 diatritam
732 5966 1010 6072 momentumque
1020 5959 1392 6087 ”rigabimbmmtmmaew
1444 5953 1964 6070 mecmmorroiuur.
2088 5960 2136 6024 hie,
2146 5974 2230 6026 eum.

593 6149 595 6154 Ι
607 6025 1113 6153 btfft'ibessblgmgltgdlmfflmlbm
1122 6089 1201 6134 Μ
1209 6059 1332 6150 spermit,
1341 6099 1392 6140 nto
1475 6079 1564 6140 *fidite
1574 6083 1728 6140 mm
1738 6085 1767 6128 tt
1778 6077 1906 6147 tephria
1916 6077 2049 6148 i'ulqatam,
2065 6087 2227 6150 metum,

727 6297 840 6357 Saacr.
865 6294 1002 6352 Aucnsr.
1026 6293 1080 6354 ill.
1852 6283 2108 6364 (ironic-troia.)
