5709 7534
510 791 560 850 ,οἱ
1176 786 1279 842 LlBEil
1299 786 1489 843 sectilibus.
1667 851 1670 856 ,
2089 804 2144 862 bul

510 902 617 960 dieitur.
633 900 679 957 Sic
688 899 760 957 enim
771 897 911 954 nonnullos
920 904 1025 952 nostros
1038 894 1183 965 intelligere
1195 896 1301 965 accepi,
1356 911 1408 951 non
1423 897 1483 965 quia
1497 896 1665 967 dictumest,
1682 900 1821 972 lrtsrrffleeit
1837 905 1863 959 in
1875 922 1932 961 eum
1943 910 2062 976 spiritum
2075 917 2132 971 rite

470 991 478 1008 ·
510 993 554 1065 ῃ)
567 991 678 1056 dieunt,
695 999 866 1062 posteaquam
877 985 978 1043 dietum
991 993 1048 1053 est,
1064 984 1152 1039 Finmt
1165 982 1235 1040 Deus
1254 986 1301 1048 iro·
1355 994 1380 1057 ct
1392 989 1475 1056 sectus
1484 995 1520 1040 est
1533 986 1607 1040 irome
1618 988 1765 1044 inertiorem
1777 994 1905 1064 eiecntcm,
1920 999 2060 1059 credamus
2073 959 2144 1061 illam

510 1083 603 1138 ..ιω
623 1080 656 1135 de
676 1080 737 1134 limo
756 1088 850 1144 terrm·
872 1084 1010 1147 propterea
1032 1090 1085 1131 non
1104 1074 1241 1141 additum,
1261 1075 1303 1130 Ad
1355 1076 1436 1132 veluti
1455 1086 1556 1147 partem
1573 1086 1674 1133 naturae
1687 1081 1734 1137 liei
1749 1086 1775 1137 in
1789 1087 1904 1144 arrianam
1927 1089 2043 1151 bominis
2062 1096 2144 1154 luisse

511 1171 653 1243 imaginem
666 1177 696 1225 et
716 1166 916 1223 similitudinem
930 1180 1021 1233 suam,
1045 1166 1170 1236 quoniam
1184 1180 1254 1220 nune
1267 1164 1303 1222 de
1356 1180 1524 1232 conversam,
1540 1175 1567 1222 et
1578 1182 1705 1238 cogamur
1719 1171 1808 1230 dicere
1823 1187 1945 1236 naturam
1958 1183 2004 1240 bei
2017 1200 2078 1243 esse
2089 1203 2146 1243 mu·

509 1260 630 1330 eorporis
637 1256 909 1314 sermationedicitur.
918 1255 993 1313 ‘lune
1006 1263 1093 1311 autem
1104 1254 1185 1311 bomo
1193 1255 1303 1311 interior
1356 1255 1463 1310 tabilem
1481 1257 1527 1312 :in
1543 1272 1594 1327 quo
1611 1273 1702 1315 errore
1715 1263 1830 1319 maxime
1849 1268 1915 1324 istos
1926 1271 2085 1333 llanicbees
2097 1294 2144 1336 ve·

510 1339 724 1424 significabatur,
742 1348 847 1420 quartdo
859 1348 960 1404 dictum
973 1356 1014 1403 est
1029 1362 1037 1402 τ
1051 1345 1123 1401 Fecit
1136 1346 1206 1401 llere
1220 1347 1302 1401 irenn'·
1356 1346 1421 1400 ritas
1437 1347 1543 1417 premit.
1565 1347 1639 1404 Sicut
1661 1351 1732 1406 enirn
1747 1362 1788 1408 est
1802 1365 1886 1413 mater
1903 1364 2020 1419 omniurn
2039 1366 2145 1427 itereti-

510 1453 566 1498 ιιιιιι
575 1441 612 1496 ert
624 1442 762 1512 inmginern
776 1449 799 1495 et
812 1437 1002 1494 dtrtilitudinem
1015 1437 1064 1491 liei
1074 1438 1123 1510 (e).
1135 1436 1189 1493 Sed
1199 1437 1303 1493 etiamsi
1356 1451 1450 1492 corum
1462 1439 1603 1508 superbia,
1616 1442 1674 1496 ausi
1689 1452 1751 1499 sunt
1763 1445 1852 1503 dicere
1862 1451 1933 1520 quod
1946 1463 2037 1511 natura
2051 1459 2098 1517 [tei
2111 1462 2146 1517 stt

511 1549 581 1592 nune
602 1548 711 1606 quoque
730 1532 865 1588 bominem
881 1545 1039 1601 excerpere
1052 1537 1079 1586 et
1100 1529 1188 1584 anima
1205 1528 1303 1583 iactum
1356 1527 1454 1580 attinio.
1479 1527 1513 1583 Et
1532 1527 1593 1585 hine
1607 1541 1760 1603 urgentova
1774 1536 1867 1606 trabis,
1885 1554 1945 1597 eum
1964 1544 2003 1600 eis
2021 1546 2143 1616 dicimus,
2246 1597 2249 1602 ,

511 1623 708 1696 intelligamus,
723 1631 753 1678 ut
768 1636 821 1676 non
834 1621 946 1691 alicujus
968 1621 1028 1675 novi
1047 1619 1136 1689 operis
1159 1617 1302 1685 inchoatio,
1356 1617 1426 1686 livgo
1438 1627 1531 1674 natura
1546 1620 1593 1676 bei
1605 1632 1676 1678 errat
1688 1635 1715 1680 et
1725 1627 1822 1682 misera
1835 1638 1895 1695 est,
1910 1634 2072 1692 elvitiorum
2086 1639 2144 1696 labe

510 1715 566 1785 sed,
576 1714 704 1785 saperius
717 1713 834 1770 breviter
847 1711 971 1766 insinuati
986 1710 1139 1781 diligentior
1152 1707 1305 1764 retractatio
1356 1709 1540 1778 corrumpitur
1552 1718 1579 1766 et
1593 1723 1684 1782 peccat
1694 1729 1702 1780 ;
1713 1722 1759 1770 aut
1773 1717 1864 1782 etiam,
1879 1729 1908 1775 ut
1924 1737 1971 1778 vos
1985 1722 2083 1794 dicitis,
2097 1742 2144 1782 ua·

511 1805 562 1862 iste
573 1818 701 1860 sermone
712 1803 876 1873 explicetur3
896 1801 919 1856 si
936 1816 1019 1870 ergo,
1038 1808 1067 1855 ut
1080 1798 1134 1854 dixi
1146 1839 1154 1867 ,
1168 1797 1304 1853 hominem
1358 1806 1425 1852 turre
1441 1799 1582 1854 contrariae
1601 1802 1723 1859 sordibus
1745 1804 1899 1876 inquinatur
1914 1820 1962 1868 :et
1975 1825 2071 1872 cetera
2085 1817 2145 1873 talia

511 1892 562 1950 uoe
583 1893 645 1949 loeo
663 1909 698 1949 ex
718 1903 832 1963 corpore
844 1901 870 1947 et
887 1890 976 1944 atritna
999 1889 1097 1944 lactum
1118 1887 1303 1959 intelligamus,
1357 1898 1418 1955 qum
1430 1886 1464 1941 de
1477 1896 1570 1943 natura
1581 1886 1629 1945 bei
1641 1892 1891 1953 ttelasesteredeve.
1902 1899 1967 1956 Nam
1977 1902 2072 1961 laetam
2087 1921 2147 1964 esse

511 2001 564 2043 eon
576 1985 694 2041 absurde
712 1984 769 2055 ipsa
787 1982 998 2039 ιιοιιιιιιίιιιιιιιιιι
1013 1981 1069 2036 limi
1081 1994 1178 2035 nomen
1192 1978 1303 2049 aceepit.
1357 1975 1474 2031 animam
1489 1978 1523 2032 ab
1536 1981 1718 2050 omnipotente
1734 1985 1804 2053 lieo,
1823 1996 1850 2043 et
1863 1988 1922 2046 ideo
1935 2007 1987 2048 non
2001 1994 2073 2049 illam
2087 2010 2147 2052 esse

512 2077 675 2135 sicutenim
690 2091 758 2147 aqua
774 2084 869 2131 terrant
887 2074 1004 2143 colligit,
1023 2081 1050 2127 et
1072 2071 1254 2141 conglutinat,
1278 2079 1306 2126 et
1359 2076 1461 2137 partem
1482 2069 1528 2125 bei
1551 2072 1593 2126 vel
1617 2082 1738 2129 naturam
1761 2076 1827 2143 Dei,
1853 2081 1993 2139 ntaniieste
2015 2085 2068 2141 alio
2088 2087 2148 2144 loco

513 2167 656 2235 continu,
666 2164 774 2236 quando
785 2166 844 2234 ejus
854 2163 1042 2218 enormixtione
1055 2161 1134 2216 livitus
1149 2160 1208 2230 ejus
1220 2159 1304 2214 ellici-
1357 2158 1485 2228 scriptum
1499 2168 1550 2226 est,
1565 2161 1670 2219 dicente
1682 2163 1821 2236 propbeta,
1837 2168 1871 2223 Et
1883 2172 1926 2242 qui
1939 2167 2145 2247 puerporam

516 2269 572 2327 tur;
593 2259 634 2314 sie
646 2258 737 2312 anima
750 2255 870 2326 eorporis
884 2254 1022 2310 materiam
1035 2251 1193 2308 vivilieando
1204 2250 1230 2306 in
1244 2249 1305 2305 ιιιιί-
1358 2249 1489 2319 oninium,
1509 2253 1564 2333 ipse
1583 2256 1642 2326 [ecit
1654 2256 1740 2311 entole
1752 2258 1837 2329 (Ptol.
1852 2278 1946 2332 xxxvt,
1960 2267 2007 2339 15)
2023 2286 2030 2323 :
2045 2277 2072 2325 et
2094 2270 2148 2325 alio

513 2357 593 2404 tatem
607 2343 957 2411 eorteordem-eoniormat,
980 2352 1007 2399 et
1028 2358 1081 2398 non
1103 2341 1232 2413 permittit
1252 2340 1305 2396 labi

512 2445 540 2494 et
550 2437 659 2493 resolvi.

515 2525 629 2584 calui·
644 2525 760 2583 ilib-
770 2522 1021 2594 lmefflntiospiritus
1033 2521 1102 2591 qnid.
1119 2519 1186 2586 Quid
1196 2520 1222 2574 itt
1235 2519 1306 2576 Scri-

691 2615 772 2688 pttvn't
784 2615 883 2669 άὶιιιιιι
892 2613 996 2685 spiritus
1006 2611 1123 2666 beatioris.

547 2706 593 2765 lb.
607 2705 686 2776 Quod
699 2713 790 2761 autem
803 2704 998 2774 scriptumest,
1018 2700 1052 2756 Et
1064 2700 1198 2771 insufflavit
1210 2701 1237 2753 in
1250 2716 1305 2755 eum

516 2798 635 2871 spiritum
645 2797 714 2865 oitae,
728 2806 751 2851 el
763 2800 846 2868 [ectus
860 2804 896 2849 est
910 2795 985 2848 laento
995 2794 1022 2860 ιἰιΙ
1036 2793 1148 2846 animent
1164 2791 1283 2845 eluentem
1297 2804 1307 2843 .·

513 2891 535 2948 si
551 2891 643 2948 aeone
655 2904 754 2962 eorpus
767 2888 854 2945 solutu
867 2872 941 2951 erat,
954 2887 1069 2941 animam
1080 2884 1232 2954 adjunctam
1247 2898 1304 2940 cor·

512 2981 570 3053 pori
582 2980 636 3036 boe
649 2981 709 3036 leco
722 2978 869 3049 intelligere
878 2976 1024 3042 debemus;
1040 2974 1096 3029 sive
1106 2973 1226 3043 guaiam
1238 2970 1306 3026 laeta

512 3080 580 3139 ent,
593 3071 645 3130 ted
658 3082 783 3141 tanquam
797 3069 823 3124 in
833 3084 881 3124 ere
895 3068 942 3124 llei
954 3075 1021 3131 erat,
1036 3065 1061 3121 id
1076 3074 1118 3121 cst
1130 3065 1156 3118 in
1171 3064 1229 3133 ejus
1241 3063 1307 3117 veri-

512 3169 566 3218 ute
577 3159 622 3218 vel
632 3159 773 3231 sapientia,
784 3157 854 3212 uttde
865 3166 951 3211 tamen
963 3170 1016 3210 ιιοιι
1030 3153 1141 3210 recessit
1153 3153 1229 3223 qrtasi
1242 3151 1307 3206 loeis

513 3259 646 3322 separata,
661 3248 768 3321 quando
780 3245 912 3302 iosulllata
926 3252 985 3311 est;
1006 3242 1141 3298 nonenim
1160 3241 1231 3296 Deus
1248 3240 1307 3296 loeo

513 3340 679 3409 emdaetur,
692 3337 741 3395 sed
753 3337 851 3409 ubique
864 3350 983 3407 praescias
994 3344 1055 3409 est:
1070 3335 1126 3389 sive
1140 3341 1202 3387 tuoe
1216 3331 1320 3386 antima·

513 3433 582 3490 laeta
594 3441 656 3500 est,
669 3431 777 3503 quando
795 3430 821 3510 in
834 3429 899 3486 illud
913 3430 1067 3500 llgmentum
1081 3428 1150 3484 licus
1165 3426 1307 3482 insalllavit

512 3525 637 3596 spiritum
652 3523 735 3591 vitre,
753 3530 785 3578 ut
806 3521 849 3577 illa
862 3519 1003 3575 insufflatio
1023 3518 1108 3591 ipsam
1124 3520 1306 3588 operationem

513 3616 560 3673 liei
572 3614 724 3687 significet,
746 3627 798 3683 qua
817 3611 880 3667 iecit
898 3610 1013 3665 arvimam
1032 3610 1060 3664 in
1081 3608 1190 3664 bomine
1208 3605 1307 3677 Spiritu

512 3706 640 3779 Mentire
648 3719 715 3761 sue.
729 3703 757 3760 Si
770 3713 860 3758 autem
873 3701 953 3756 bomo
966 3699 1009 3754 ille
1019 3698 1064 3769 qui
1077 3696 1161 3753 laetus
1171 3706 1237 3763 erat,
1251 3694 1306 3765 jam

512 3810 613 3869 eorpus
626 3805 654 3854 et
668 3795 758 3851 anima
772 3802 848 3861 erat;
870 3791 919 3863 ipsi
932 3790 1026 3845 arrimae
1039 3803 1134 3844 sensus
1147 3796 1190 3843 est
1203 3784 1307 3841 additus

513 3887 564 3964 isla
585 3884 786 3952 insufflatione,
807 3897 868 3938 euin
890 3880 973 3935 iaetus
986 3887 1029 3934 est
1044 3876 1125 3933 bomo
1146 3877 1172 3932 in
1191 3877 1307 3931 animam

513 3977 650 4034 viventem
665 3991 673 4029 a
691 3988 746 4029 non
760 3972 822 4043 quia
835 3970 881 4026 illa
904 3967 1048 4023 insulllatio
1068 3979 1195 4021 converse
1218 3961 1306 4020 estin

511 4075 632 4130 smmattt
644 4063 795 4127 viventem,
809 4057 857 4115 sed
873 4065 983 4128 operata
995 4064 1036 4111 est
1049 4054 1202 4111 interimam
1217 4053 1308 4108 viven-

513 4176 577 4224 tem.
599 4163 726 4222 Norvdnn
742 4168 830 4216 anuo
849 4150 1021 4229 spiritualem,
1032 4147 1166 4228 nerninem
1180 4144 1308 4202 debemus

513 4258 683 4329 intelligere,
705 4253 751 4326 qui
766 4252 850 4308 laetus
862 4259 903 4306 est
912 4250 943 4304 in
956 4262 1073 4302 antinoon
1086 4240 1239 4305 viventem,
1259 4237 1306 4293 sed

511 4351 601 4409 suum
621 4348 777 4406 animalem.
804 4344 879 4402 Tunc
893 4342 964 4398 enim
978 4339 1121 4412 spiritualis
1133 4338 1245 4393 effeetus
1254 4339 1305 4400 est,

511 4461 574 4503 tum
592 4444 621 4502 in
642 4440 781 4513 paradiso,
804 4438 855 4493 boe
867 4443 910 4491 est
930 4432 957 4489 in
974 4432 1051 4488 beata
1071 4434 1125 4487 vlta
1137 4430 1305 4489 eonstitotus,

513 4543 679 4608 preceptum
692 4521 773 4596 etiam
794 4524 964 4599 perfeetionis
980 4524 1099 4595 aceepit,
1121 4531 1150 4578 ut
1163 4520 1247 4577 verbo
1260 4519 1307 4576 bei

512 4630 756 4684 memmatetur.
780 4619 870 4690 ltaque
881 4625 1020 4688 postqum
1033 4614 1168 4685 peccavit,
1179 4612 1308 4670 recedens

513 4723 681 4789 apreseepto
693 4711 758 4779 bei,
776 4719 804 4767 et
816 4709 942 4765 dimissus
953 4716 994 4763 est
1008 4706 1042 4762 de
1058 4704 1198 4776 paradiso,
1214 4704 1240 4759 in
1257 4703 1308 4758 boe

514 4805 647 4868 remansit
659 4811 689 4859 ιιι
709 4801 833 4857 animalis
847 4807 928 4855 esset.
944 4798 977 4853 Ει
994 4796 1055 4852 ideo
1068 4795 1209 4852 animalem
1223 4793 1307 4849 bomi-

515 4912 577 4958 κω
590 4894 668 4968 prius
681 4892 785 4964 agimus
798 4905 893 4946 omnes
908 4888 962 4962 (b),
978 4887 1024 4958 qui
1038 4886 1072 4943 de
1085 4886 1129 4941 iilo
1143 4893 1203 4956 post
1214 4899 1308 4955 peeca-

515 4998 572 5046 ιιι
584 4987 641 5044 nati
651 4983 1030 5053 semus,doneeassequamur
1038 4978 1201 5049 spiritualem
1211 4976 1306 5043 Adam,

516 5079 543 5136 ld
556 5086 600 5136 est
610 5076 755 5134 Dominum
767 5084 887 5129 nostrum
900 5071 991 5128 lesum
1001 5070 1147 5136 Cbristurn,
1160 5069 1204 5140 qui
1215 5082 1308 5139 pecea-

517 5183 574 5228 tum
589 5168 720 5227 amissit
733 5165 755 5239 (Ι
769 5164 841 5222 Petr.
855 5180 891 5233 tt,
906 5162 973 5234 22);
996 5170 1025 5218 et
1043 5162 1078 5218 ab
1093 5161 1140 5217 illo
1156 5159 1268 5216 recreati
1281 5168 1309 5215 et

518 5260 655 5329 mucre,
666 5258 838 5316 restituamur
851 5255 877 5311 in
889 5253 1051 5325 paradisum,
1062 5252 1106 5309 ubi
1120 5252 1186 5307 latro
1197 5251 1308 5307 illeeum

519 5354 576 5426 lpse
589 5367 625 5410 ee
636 5352 682 5408 dle
690 5350 790 5408 meruit
802 5363 873 5414 esse,
888 5360 941 5417 quo
954 5346 1035 5400 vitam
1046 5345 1123 5399 istam
1138 5343 1223 5398 linivit
1233 5341 1307 5414 (Luc.

520 5457 604 5512 utu,
616 5442 679 5514 45).
703 5439 749 5497 Sic
762 5439 835 5496 euim
848 5435 991 5508 apostolus
1003 5435 1068 5502 dicit
1084 5452 1092 5487 :
1107 5434 1161 5490 Sed
1174 5450 1225 5488 non
1238 5433 1309 5504 prim

519 5536 586 5606 qud
603 5532 740 5606 spirituale
751 5542 804 5596 cst,
824 5529 869 5584 red
888 5528 956 5599 qued
970 5526 1095 5592 animale,
1110 5526 1174 5579 sicut
1187 5525 1309 5594 scripturn

519 5635 556 5680 αι
569 5640 581 5681 .·
594 5623 693 5681 Factus
705 5630 743 5678 stt
756 5622 852 5692 ρήιιιιιι
861 5618 945 5673 Mein
955 5618 982 5672 itt
994 5618 1105 5671 coierent
1119 5617 1249 5683 uirentem,
1263 5631 1309 5670 no·

521 5714 636 5772 edm
654 5713 740 5768 Mem
762 5711 788 5765 in
810 5710 926 5781 spiritum
939 5708 1113 5777 oioifimtrtent
1134 5705 1163 5778 (l
1179 5705 1238 5761 Cor.
1255 5721 1308 5774 xv,

535 5945 538 5950 .
554 5897 598 5954 ll.
621 5893 670 5952 ste
682 5906 748 5964 ergo
764 5890 893 5948 debemus
906 5888 1053 5958 intelligere
1070 5887 1141 5943 bunc
1161 5887 1247 5943 locum
1259 5927 1266 5953 ,
1280 5896 1310 5944 ut

571 5985 687 6050 rloeiqm
701 5983 817 6042 mdiees,
841 5978 986 6032 ωιιιιιιὶπιιο.
998 5977 1152 6030 mellensis
1177 5986 1229 6041 tu,
1248 5991 1310 6031 con·

521 6061 791 6174 ffimtefflgnnt
800 6102 963 6153 Tertullianus
973 6100 1056 6154 llb.de
1067 6109 1203 6154 ttentneet.
1220 6109 1307 6164 oeruts,

580 6165 865 6233 meminisci.
877 6177 956 6214 exitu.

573 6225 906 6304 praesaepibus.

656 6311 773 6377 sanor.
795 6311 933 6374 Attousr.
956 6307 1012 6369 tlt.

1358 2339 1431 2407 loco,
1445 2341 1496 2408 Qui
1508 2344 1581 2412 finxit
1593 2346 1864 2416 spirituntbonrinisio
1877 2353 2092 2428 spetiosum,
2108 2361 2148 2431 l).

1361 2431 1432 2503 Ergo
1453 2434 1550 2488 lactum
1573 2449 1633 2491 esse
1654 2437 1775 2509 spiritum
1797 2439 1925 2510 hominis,
1945 2446 2084 2504 manileste
2107 2449 2148 2505 ltis

1359 2523 1518 2579 testimoniis
1541 2525 1713 2595 approbatur.
1739 2529 1852 2601 Spiritus
1874 2542 1961 2590 autent
1983 2536 2099 2595 bominis
2122 2539 2148 2594 iu

1358 2608 1503 2681 Scriptnris
1526 2613 1623 2669 dieitur
1644 2616 1728 2686 ipsius
1746 2619 1842 2675 anitum
1865 2623 1981 2692 potentia
2001 2626 2147 2693 rationalis,

1358 2715 1409 2770 qua
1424 2700 1532 2757 distata
1547 2704 1698 2774 peceribus,
1712 2716 1740 2763 et
1752 2709 1790 2763 eis
1805 2718 1908 2767 nature
1918 2713 2146 2785 legedorniuatur.

1354 2788 1397 2845 lle
1409 2806 1461 2861 quo
1475 2791 1539 2847 dicit
1556 2794 1698 2864 Apostolus
1712 2814 1719 2850 ι
1737 2795 1819 2853 Nemo
1829 2799 1876 2854 scit
1891 2818 1948 2869 que
1957 2815 2015 2858 runt
2029 2806 2148 2871 libaninis,

1358 2880 1408 2935 nisi
1425 2881 1530 2952 spiritus
1545 2883 1653 2939 bominis
1669 2886 1713 2957 qui
1732 2888 1758 2940 in
1771 2887 1827 2956 ipro
1839 2900 1875 2944 est
1890 2889 1911 2962 (l
1923 2889 1982 2949 Cor.
1996 2909 2024 2961 ιι,
2041 2893 2096 2968 ll).
2111 2895 2149 2951 Ne

1359 2969 1428 3026 iorte
1449 2974 1472 3026 si
1495 2972 1652 3042 probaretur
1666 2978 1675 3009 ¹
1691 2975 1732 3031 bis
1753 2979 1912 3036 testimoniis
1924 2980 2040 3040 animatu
2052 2984 2149 3041 laetam

1359 3075 1428 3129 esse,
1442 3077 1497 3116 non
1511 3061 1633 3118 deessent
1644 3065 1689 3134 nari
1700 3064 1820 3122 dicerent
1834 3069 1954 3138 spiritum
1968 3071 2083 3129 bominis
2096 3091 2148 3129 non

1358 3167 1418 3208 esse
1432 3154 1540 3222 lactum,
1554 3164 1580 3211 et
1593 3156 1678 3226 ipsum
1689 3157 1948 3216 arbitrarenturesse
1959 3172 2078 3220 naturam
2088 3166 2146 3231 liei,

1359 3252 1385 3298 et
1401 3244 1426 3298 in
1440 3244 1526 3316 ipsum
1538 3246 1656 3301 dicerent
1669 3256 1773 3319 partem
1785 3248 1830 3305 liei
1842 3266 1901 3306 esse
1910 3266 2077 3323 convenam,
2088 3272 2148 3313 eunt

1360 3333 1403 3391 illa
1417 3336 1560 3393 insulllatio
1572 3338 1618 3394 bet
1630 3338 1698 3394 laeta
1713 3349 1764 3396 est.
1779 3341 1855 3409 Quod
1867 3357 1930 3399 sana
1943 3343 2061 3402 doctrina
2075 3346 2149 3405 simi-

1359 3426 1419 3481 liter
1433 3428 1552 3496 respuit,
1574 3429 1634 3499 quia
1647 3437 1675 3484 et
1693 3430 1751 3500 ipse
1770 3431 1878 3501 spiritus
1897 3432 2013 3492 bominis
2026 3451 2087 3491 cunt
2098 3437 2149 3493 ali·

1359 3515 1465 3586 quando
1474 3527 1556 3585 errat,
1569 3527 1596 3573 et
1605 3518 1747 3589 aliquando
1756 3520 1898 3591 prudenter
1908 3523 1987 3594 saliit,
1995 3503 2149 3584 mutabilem

1359 3620 1390 3661 te
1405 3621 1465 3663 esse
1484 3608 1600 3663 claritat:
1615 3609 1685 3680 quod
1704 3611 1776 3667 nullo
1794 3612 1874 3667 modo
1887 3613 1921 3669 de
1942 3625 2034 3671 natura
2049 3617 2095 3674 bei
2110 3617 2147 3680 las

1358 3707 1400 3753 est
1422 3698 1540 3756 eredere.
1567 3699 1625 3755 Non
1644 3709 1733 3758 autem
1754 3711 1842 3774 potest
1861 3706 1948 3776 majus
1967 3707 2071 3780 signum
2090 3725 2151 3767 esse

1359 3790 1509 3861 superbiae,
1530 3805 1609 3862 quarn
1630 3800 1660 3847 ut
1671 3791 1742 3849 dieat
1755 3808 1785 3850 se
1801 3794 1916 3850 bumana
1928 3798 2015 3853 anima
2029 3798 2080 3857 boe
2090 3815 2151 3859 esse

1360 3877 1431 3949 quod
1446 3879 1517 3936 bens
1526 3890 1578 3948 est,
1593 3896 1652 3937 eum
1666 3882 1752 3939 adhuc
1766 3883 1815 3940 sub
1828 3886 1906 3942 tantis
1919 3887 2042 3947 vitiorum
2057 3900 2084 3947 et
2097 3892 2149 3948 mi·

1360 3968 1491 4024 seriamm
1506 3970 1621 4027 molibus
1632 3983 1729 4043 gemat.

1408 4057 1523 4115 canor
1540 4058 1585 4115 tx.
1600 4090 1636 4102 -
1650 4059 1951 4137 easaetenatone
1964 4043 2108 4141 elapso.

1396 4147 1440 4203 li..
1456 4147 1593 4220 Nurvelam
1607 4151 1744 4208 videamus
1759 4152 1843 4223 ipsam
1859 4155 2049 4216 beatitudinem
2063 4162 2149 4219 leonti·

1360 4240 1412 4310 nis,
1427 4257 1486 4311 qnae
1500 4242 1613 4311 permisi
1626 4243 1734 4299 nomine
1745 4245 1910 4316 significatur
1926 4267 1933 4303 ι
1948 4265 2009 4305 nam
2023 4253 2149 4324 quoniam

1360 4333 1386 4388 in
1399 4332 1553 4389 nenmribus
1569 4334 1694 4391 deliciosa
1714 4336 1790 4407 quies
1805 4337 1941 4394 bominum
1955 4356 2015 4398 esse
2027 4343 2110 4413 solet,
2123 4355 2151 4400 ct

1359 4425 1496 4501 eortmrcis
1518 4427 1641 4483 sensibus
1655 4429 1754 4484 nostris
1768 4430 1802 4486 de
1820 4432 1923 4490 oriente
1945 4435 2033 4492 tnnen
2053 4438 2146 4504 oritur,

1359 4521 1510 4593 coelumque
1523 4520 1668 4594 consurgit,
1683 4521 1753 4596 quad
1763 4523 1885 4597 superius
1897 4540 1994 4599 corpus
2008 4535 2049 4582 est
2059 4537 2150 4583 nostro

1355 4609 1472 4682 'corpore
1484 4621 1564 4682 atque
1575 4613 1764 4681 excellentium
1779 4626 1917 4686 propterea
1926 4618 1967 4675 bis
1976 4619 2148 4678 verbisetiani

1360 4701 1510 4772 spirituales
1530 4702 1647 4770 delicie,
1670 4718 1736 4772 quas
1754 4704 1833 4760 babet
1849 4706 1924 4764 beata
1942 4707 2014 4775 vita,
2039 4709 2150 4780 figurate

1360 4792 1545 4863 explicantur,
1568 4791 1639 4847 etad
1651 4792 1779 4849 orientem
1794 4794 1930 4865 paradisus
1950 4796 2092 4866 plantatur.
2108 4797 2151 4854 ln·

1360 4882 1510 4953 telligentus
1522 4890 1610 4938 autem
1631 4893 1721 4955 nostra
1732 4884 1827 4956 gaudia
1840 4885 1983 4956 spiritualia
1999 4888 2150 4960 significare

1360 4987 1440 5028 onrne
1454 4972 1552 5043 lignum
1565 4972 1709 5028 lormesum
1720 4974 1752 5029 ad
1770 4985 1905 5045 aspectum
1921 4976 2110 5049 intelligentie,
2123 4990 2153 5038 et

1361 5063 1459 5120 bonum
1472 5063 1506 5119 ad
1525 5079 1612 5119 eseam
1634 5080 1692 5135 quae
1712 5081 1765 5122 non
1785 5067 1984 5137 corrumpitur,
1999 5085 2050 5139 qua
2065 5070 2170 5129 beate.
2263 5118 2268 5128 .

1360 5157 1456 5212 anime
1470 5165 1635 5227 pascuntur:
1651 5171 1712 5212 nant
1727 5171 1754 5213 et
1768 5157 1897 5214 Dominus
1910 5159 1985 5228 dicit,
2001 5159 2150 5232 Opermtini

1361 5262 1444 5303 mom
1452 5261 1565 5318 quenen
1577 5247 1746 5318 corruntpitur
1754 5245 1842 5322 (loen.
1850 5264 1889 5318 vt,
1898 5248 1945 5322 at)
1956 5265 1966 5316 ς
1979 5259 2005 5306 ut
2016 5255 2152 5311 estomnit

1361 5338 1441 5406 ratio,
1455 5353 1513 5408 quae
1525 5335 1601 5392 cibus
1610 5345 1652 5393 est
1661 5337 1766 5393 arvinae.
1782 5337 1823 5394 Ad
1833 5339 1984 5409 orientem,
2004 5342 2090 5400 locem
2104 5359 2147 5400 sa·

1362 5428 1468 5499 pientiae
1482 5429 1508 5483 in
1520 5426 1612 5495 Edon,
1638 5426 1664 5482 id
1685 5439 1727 5484 est
1746 5428 1774 5484 in
1793 5427 1896 5485 deliciis
1915 5409 2109 5491 iminortalibus
2122 5445 2150 5492 et

1362 5518 1580 5591 intelligibilibus.
1594 5517 1658 5573 Nam
1670 5517 1782 5588 delicie,
1791 5520 1833 5575 vel
1844 5520 1975 5591 voluptas,
1991 5524 2032 5579 vel
2045 5525 2151 5595 epulum
2174 5506 2178 5516 ¹

1363 5609 1415 5666 hoe
1426 5609 1508 5665 verbo
1522 5608 1662 5679 signillcari
1677 5608 1784 5677 dicitur,
1800 5611 1822 5666 si
1836 5626 1868 5666 ex
1883 5612 1990 5668 ltebraeo
2002 5614 2028 5667 in
2039 5614 2150 5670 latinum

1364 5701 1561 5771 interpretetur.
1575 5700 1691 5758 Positum
1705 5709 1747 5756 est
1759 5711 1845 5757 autem
1863 5701 1973 5760 sicsine
1991 5704 2151 5776 interpreta-

1364 5789 1451 5855 tione,
1467 5799 1496 5844 ut
1509 5788 1622 5860 aliquem
1637 5789 1723 5845 locum
1737 5791 1885 5863 signilieare
1897 5791 2036 5860 videatur,
2052 5794 2151 5864 magis·

1362 5895 1415 5950 que
1435 5880 1571 5951 liguratam
1586 5879 1664 5935 iaciat
1687 5881 1858 5939 locutionem.
1883 5882 2043 5939 Productum
2061 5894 2149 5940 autent

1363 5987 1395 6028 cx
1409 5979 1479 6026 terra
1493 5986 1572 6028 omne
1586 5972 1648 6030 illud
1660 5973 1759 6044 lignum
1773 5974 1918 6045 accipimus
1927 5989 2006 6029 eume
2016 5973 2152 6046 illudgau·

1393 6102 1574 6172 ¹·tov.,tinon
1589 6103 1725 6167 probaretur
1760 6114 1848 6157 atam
1871 6110 1909 6154 is.
1923 6114 1948 6155 et
1963 6111 2018 6155 ttss.
2037 6119 2152 6169 quamm-

1361 6164 1454 6224 deetm,
1468 6178 1483 6215 e
1498 6167 1586 6228 quibus
1603 6170 1690 6231 uegius
1706 6167 1784 6217 codex
1803 6170 1899 6230 optinum
1920 6176 1998 6229 ιιοιιι,
2021 6172 2153 6234 uewioue

1360 6236 1453 6277 metat.

2100 6267 2139 6320 s,

1886 6311 2010 6389 (Sept.)
2088 6329 2093 6336 ’
