<?xml version="1.0" encoding="UTF-8"?>
<!DOCTYPE html PUBLIC "-//W3C//DTD XHTML 1.0 Transitional//EN"
    "http://www.w3.org/TR/xhtml1/DTD/xhtml1-transitional.dtd">
<html xmlns="http://www.w3.org/1999/xhtml" xml:lang="en" lang="en">
 <head>
  <title>
</title>
<meta http-equiv="Content-Type" content="text/html;charset=utf-8" />
  <meta name='ocr-system' content='tesseract 3.04.00' />
  <meta name='ocr-capabilities' content='ocr_page ocr_carea ocr_par ocr_line ocrx_word'/>
</head>
<body>
  <div class='ocr_page' id='page_1' title='image "./sanctiaureliiau02augugoog/sanctiaureliiau02augugoog_0013.png"; bbox 0 0 5709 7534; ppageno 0'>
   <div class='ocr_carea' id='block_1_1' title="bbox 963 1060 1749 1491">
    <p class='ocr_par' dir='ltr' id='par_1_1' title="bbox 963 1060 1749 1491">
     <span class='ocr_line' id='line_1_1' title="bbox 963 1060 1749 1170; baseline 0.004 -7"><span class='ocrx_word' id='word_1_1' title='bbox 963 1061 1044 1165; x_wconf 86' lang='grc' dir='ltr'><strong>ΙΝ</strong></span> <span class='ocrx_word' id='word_1_2' title='bbox 1095 1060 1438 1167; x_wconf 81' lang='lat' dir='ltr'>TERTIUM</span> <span class='ocrx_word' id='word_1_3' title='bbox 1486 1061 1749 1170; x_wconf 74' lang='grc' dir='ltr'><strong>ΤΟΜΙΙΜ</strong></span> 
     </span>
     <span class='ocr_line' id='line_1_2' title="bbox 1062 1256 1515 1491; baseline 0 -39"><span class='ocrx_word' id='word_1_4' title='bbox 1062 1256 1094 1290; x_wconf 15' lang='grc' dir='ltr'><strong>’ἱ</strong></span> <span class='ocrx_word' id='word_1_5' title='bbox 1181 1310 1515 1491; x_wconf 62' lang='lat' dir='ltr'><strong>pretatis.</strong></span> 
     </span>
    </p>
   </div>
   <div class='ocr_carea' id='block_1_2' title="bbox 1249 1559 1454 1595">
    <p class='ocr_par' dir='ltr' id='par_1_2' title="bbox 1249 1559 1454 1595">
     <span class='ocr_line' id='line_1_3' title="bbox 1249 1559 1454 1595; baseline -0.024 1"><span class='ocrx_word' id='word_1_6' title='bbox 1249 1559 1454 1595; x_wconf 59' lang='lat' dir='ltr'><strong>-QO-</strong></span> 
     </span>
    </p>
   </div>
   <div class='ocr_carea' id='block_1_3' title="bbox 549 1648 2175 1999">
    <p class='ocr_par' dir='ltr' id='par_1_3' title="bbox 549 1648 2175 1999">
     <span class='ocr_line' id='line_1_4' title="bbox 586 1648 2171 1724; baseline 0.004 -19"><span class='ocrx_word' id='word_1_7' title='bbox 586 1650 654 1706; x_wconf 83' lang='lat' dir='ltr'><strong>Cum</strong></span> <span class='ocrx_word' id='word_1_8' title='bbox 677 1648 815 1706; x_wconf 89' lang='lat' dir='ltr'><strong>screrrtiam</strong></span> <span class='ocrx_word' id='word_1_9' title='bbox 829 1655 979 1704; x_wconf 89' lang='lat' dir='ltr'><strong>sanctarum</strong></span> <span class='ocrx_word' id='word_1_10' title='bbox 992 1649 1203 1721; x_wconf 81' lang='lat' dir='ltr'><strong>scripturarum,</strong></span> <span class='ocrx_word' id='word_1_11' title='bbox 1224 1663 1274 1704; x_wconf 84' lang='lat' dir='ltr'><strong>ceu</strong></span> <span class='ocrx_word' id='word_1_12' title='bbox 1297 1658 1383 1704; x_wconf 87' lang='lat' dir='ltr'><strong>castas</strong></span> <span class='ocrx_word' id='word_1_13' title='bbox 1401 1650 1497 1703; x_wconf 79' lang='lat' dir='ltr'><strong>anima</strong></span> <span class='ocrx_word' id='word_1_14' title='bbox 1511 1662 1566 1704; x_wconf 78' lang='lat' dir='ltr'><strong>sua</strong></span> <span class='ocrx_word' id='word_1_15' title='bbox 1587 1648 1696 1707; x_wconf 76' lang='lat' dir='ltr'>delicias</span> <span class='ocrx_word' id='word_1_16' title='bbox 1711 1650 1839 1722; x_wconf 70' lang='lat' dir='ltr'><strong>(Confert.</strong></span> <span class='ocrx_word' id='word_1_17' title='bbox 1853 1651 1897 1707; x_wconf 79' lang='lat' dir='ltr'><strong>tit.</strong></span> <span class='ocrx_word' id='word_1_18' title='bbox 1914 1652 1956 1719; x_wconf 94' lang='lat' dir='ltr'><strong>ll,</strong></span> <span class='ocrx_word' id='word_1_19' title='bbox 1970 1670 1993 1707; x_wconf 86' lang='lat' dir='ltr'><strong>c.</strong></span> <span class='ocrx_word' id='word_1_20' title='bbox 2007 1654 2047 1724; x_wconf 75' lang='grc'><strong>9),</strong></span> <span class='ocrx_word' id='word_1_21' title='bbox 2060 1654 2094 1710; x_wconf 78' lang='lat' dir='ltr'><strong>alr</strong></span> <span class='ocrx_word' id='word_1_22' title='bbox 2106 1656 2171 1712; x_wconf 89' lang='lat' dir='ltr'><strong>irrito</strong></span> 
     </span>
     <span class='ocr_line' id='line_1_5' title="bbox 549 1740 2174 1818; baseline 0.002 -18"><span class='ocrx_word' id='word_1_23' title='bbox 549 1744 666 1800; x_wconf 77' lang='lat' dir='ltr'>maxime</span> <span class='ocrx_word' id='word_1_24' title='bbox 677 1743 827 1798; x_wconf 85' lang='lat' dir='ltr'><strong>sacerdotio</strong></span> <span class='ocrx_word' id='word_1_25' title='bbox 840 1757 918 1796; x_wconf 82' lang='lat' dir='ltr'><strong>ursam</strong></span> <span class='ocrx_word' id='word_1_26' title='bbox 933 1743 1078 1798; x_wconf 78' lang='lat' dir='ltr'><strong>excoluerit</strong></span> <span class='ocrx_word' id='word_1_27' title='bbox 1092 1740 1268 1811; x_wconf 78' lang='lat' dir='ltr'><strong>duqrrstinus;</strong></span> <span class='ocrx_word' id='word_1_28' title='bbox 1284 1755 1373 1810; x_wconf 83' lang='lat' dir='ltr'><strong>operae</strong></span> <span class='ocrx_word' id='word_1_29' title='bbox 1392 1741 1505 1810; x_wconf 90' lang='lat' dir='ltr'><strong>pretium</strong></span> <span class='ocrx_word' id='word_1_30' title='bbox 1520 1751 1595 1808; x_wconf 92' lang='lat' dir='ltr'><strong>erat,</strong></span> <span class='ocrx_word' id='word_1_31' title='bbox 1611 1749 1641 1796; x_wconf 90' lang='lat' dir='ltr'><strong>ut</strong></span> <span class='ocrx_word' id='word_1_32' title='bbox 1657 1742 1762 1813; x_wconf 79' lang='lat' dir='ltr'><strong>abipso</strong></span> <span class='ocrx_word' id='word_1_33' title='bbox 1781 1746 1869 1799; x_wconf 86' lang='lat' dir='ltr'><strong>statim</strong></span> <span class='ocrx_word' id='word_1_34' title='bbox 1890 1746 1980 1801; x_wconf 91' lang='lat' dir='ltr'><strong>limine</strong></span> <span class='ocrx_word' id='word_1_35' title='bbox 2004 1747 2095 1816; x_wconf 88' lang='lat' dir='ltr'><strong>prioris</strong></span> <span class='ocrx_word' id='word_1_36' title='bbox 2117 1749 2174 1818; x_wconf 87' lang='lat' dir='ltr'><strong>ejus</strong></span> 
     </span>
     <span class='ocr_line' id='line_1_6' title="bbox 549 1832 2175 1920; baseline 0.004 -32"><span class='ocrx_word' id='word_1_37' title='bbox 549 1835 655 1920; x_wconf 74' lang='lat' dir='ltr'><strong>scriptis</strong></span> <span class='ocrx_word' id='word_1_38' title='bbox 664 1843 691 1890; x_wconf 91' lang='lat' dir='ltr'><strong>et</strong></span> <span class='ocrx_word' id='word_1_39' title='bbox 700 1834 820 1903; x_wconf 88' lang='lat' dir='ltr'><strong>epistolis</strong></span> <span class='ocrx_word' id='word_1_40' title='bbox 832 1833 1005 1889; x_wconf 75' lang='lat' dir='ltr'>succederent</span> <span class='ocrx_word' id='word_1_41' title='bbox 1014 1849 1097 1889; x_wconf 74' lang='lat' dir='ltr'><strong>sacrae</strong></span> <span class='ocrx_word' id='word_1_42' title='bbox 1109 1834 1192 1902; x_wconf 90' lang='lat' dir='ltr'><strong>ipsius</strong></span> <span class='ocrx_word' id='word_1_43' title='bbox 1201 1832 1448 1897; x_wconf 87' lang='lat' dir='ltr'><strong>commentationes,</strong></span> <span class='ocrx_word' id='word_1_44' title='bbox 1464 1841 1490 1887; x_wconf 92' lang='lat' dir='ltr'><strong>et</strong></span> <span class='ocrx_word' id='word_1_45' title='bbox 1500 1840 1572 1887; x_wconf 91' lang='lat' dir='ltr'><strong>recto</strong></span> <span class='ocrx_word' id='word_1_46' title='bbox 1581 1834 1687 1904; x_wconf 90' lang='lat' dir='ltr'><strong>quidem</strong></span> <span class='ocrx_word' id='word_1_47' title='bbox 1695 1848 1726 1890; x_wconf 89' lang='lat' dir='ltr'><strong>ac</strong></span> <span class='ocrx_word' id='word_1_48' title='bbox 1736 1836 1846 1889; x_wconf 86' lang='lat' dir='ltr'><strong>naturali</strong></span> <span class='ocrx_word' id='word_1_49' title='bbox 1858 1836 1950 1892; x_wconf 90' lang='lat' dir='ltr'><strong>ordine</strong></span> <span class='ocrx_word' id='word_1_50' title='bbox 1958 1833 2175 1907; x_wconf 70' lang='lat' dir='ltr'>disponerentur.</span> 
     </span>
     <span class='ocr_line' id='line_1_7' title="bbox 549 1924 2175 1999; baseline 0.004 -18"><span class='ocrx_word' id='word_1_51' title='bbox 549 1925 633 1993; x_wconf 81' lang='lat' dir='ltr'><strong>llam,</strong></span> <span class='ocrx_word' id='word_1_52' title='bbox 656 1926 679 1981; x_wconf 92' lang='lat' dir='ltr'><strong>si</strong></span> <span class='ocrx_word' id='word_1_53' title='bbox 704 1926 786 1981; x_wconf 87' lang='lat' dir='ltr'><strong>libros</strong></span> <span class='ocrx_word' id='word_1_54' title='bbox 799 1926 961 1997; x_wconf 88' lang='lat' dir='ltr'><strong>polemicos,</strong></span> <span class='ocrx_word' id='word_1_55' title='bbox 986 1926 1031 1997; x_wconf 88' lang='lat' dir='ltr'><strong>qni</strong></span> <span class='ocrx_word' id='word_1_56' title='bbox 1051 1924 1367 1989; x_wconf 87' lang='lat' dir='ltr'><strong>adversusllauiclneos,</strong></span> <span class='ocrx_word' id='word_1_57' title='bbox 1392 1924 1559 1993; x_wconf 81' lang='lat' dir='ltr'><strong>llonmistas,</strong></span> <span class='ocrx_word' id='word_1_58' title='bbox 1582 1926 1755 1996; x_wconf 75' lang='lat' dir='ltr'><strong>Pelagianos,</strong></span> <span class='ocrx_word' id='word_1_59' title='bbox 1778 1928 1896 1999; x_wconf 88' lang='lat' dir='ltr'><strong>aliosque</strong></span> <span class='ocrx_word' id='word_1_60' title='bbox 1922 1930 2061 1986; x_wconf 84' lang='lat' dir='ltr'><strong>lraereticos</strong></span> <span class='ocrx_word' id='word_1_61' title='bbox 2084 1932 2119 1986; x_wconf 88' lang='lat' dir='ltr'><strong>ab</strong></span> <span class='ocrx_word' id='word_1_62' title='bbox 2140 1947 2175 1988; x_wconf 90' lang='lat' dir='ltr'><strong>eo</strong></span> 
     </span>
    </p>
   </div>
   <div class='ocr_carea' id='block_1_4' title="bbox 548 2013 2279 2091">
    <p class='ocr_par' dir='ltr' id='par_1_4' title="bbox 548 2013 2279 2091">
     <span class='ocr_line' id='line_1_8' title="bbox 548 2013 2279 2091; baseline 0.006 -22"><span class='ocrx_word' id='word_1_63' title='bbox 548 2016 691 2085; x_wconf 72' lang='lat' dir='ltr'><strong>conscripti</strong></span> <span class='ocrx_word' id='word_1_64' title='bbox 704 2024 774 2081; x_wconf 90' lang='lat' dir='ltr'><strong>suut,</strong></span> <span class='ocrx_word' id='word_1_65' title='bbox 791 2017 818 2069; x_wconf 92' lang='lat' dir='ltr'><strong>in</strong></span> <span class='ocrx_word' id='word_1_66' title='bbox 827 2030 903 2069; x_wconf 90' lang='lat' dir='ltr'><strong>unam</strong></span> <span class='ocrx_word' id='word_1_67' title='bbox 911 2016 1025 2071; x_wconf 82' lang='lat' dir='ltr'><strong>classem</strong></span> <span class='ocrx_word' id='word_1_68' title='bbox 1037 2015 1151 2070; x_wconf 83' lang='lat' dir='ltr'><strong>editores</strong></span> <span class='ocrx_word' id='word_1_69' title='bbox 1164 2015 1342 2070; x_wconf 88' lang='lat' dir='ltr'><strong>studiosorum</strong></span> <span class='ocrx_word' id='word_1_70' title='bbox 1354 2013 1438 2084; x_wconf 76' lang='lat' dir='ltr'><strong>gratia</strong></span> <span class='ocrx_word' id='word_1_71' title='bbox 1453 2013 1635 2084; x_wconf 72' lang='lat' dir='ltr'><strong>digesserunt;</strong></span> <span class='ocrx_word' id='word_1_72' title='bbox 1649 2016 1717 2071; x_wconf 90' lang='lat' dir='ltr'><strong>idem</strong></span> <span class='ocrx_word' id='word_1_73' title='bbox 1729 2018 1827 2074; x_wconf 92' lang='lat' dir='ltr'><strong>sanein</strong></span> <span class='ocrx_word' id='word_1_74' title='bbox 1840 2021 1986 2090; x_wconf 77' lang='lat' dir='ltr'><strong>Exepeticis</strong></span> <span class='ocrx_word' id='word_1_75' title='bbox 1998 2023 2175 2091; x_wconf 73' lang='lat' dir='ltr'><strong>prestandum</strong></span> <span class='ocrx_word' id='word_1_76' title='bbox 2276 2061 2279 2068; x_wconf 45' lang='grc' dir='ltr'>ι</span> 
     </span>
    </p>
   </div>
   <div class='ocr_carea' id='block_1_5' title="bbox 483 2102 2244 4622">
    <p class='ocr_par' dir='ltr' id='par_1_5' title="bbox 499 2102 2244 2720">
     <span class='ocr_line' id='line_1_9' title="bbox 548 2102 2176 2177; baseline 0.004 -17"><span class='ocrx_word' id='word_1_77' title='bbox 548 2113 622 2170; x_wconf 89' lang='lat' dir='ltr'><strong>erat,</strong></span> <span class='ocrx_word' id='word_1_78' title='bbox 647 2105 717 2175; x_wconf 89' lang='lat' dir='ltr'><strong>quod</strong></span> <span class='ocrx_word' id='word_1_79' title='bbox 732 2107 758 2161; x_wconf 93' lang='lat' dir='ltr'><strong>in</strong></span> <span class='ocrx_word' id='word_1_80' title='bbox 772 2105 943 2161; x_wconf 78' lang='lat' dir='ltr'><strong>recensendis</strong></span> <span class='ocrx_word' id='word_1_81' title='bbox 963 2105 1102 2170; x_wconf 85' lang='lat' dir='ltr'><strong>Patribus,</strong></span> <span class='ocrx_word' id='word_1_82' title='bbox 1128 2105 1283 2169; x_wconf 77' lang='lat' dir='ltr'><strong>Ambrosio,</strong></span> <span class='ocrx_word' id='word_1_83' title='bbox 1299 2102 1446 2174; x_wconf 73' lang='lat' dir='ltr'><strong>Gregorio,</strong></span> <span class='ocrx_word' id='word_1_84' title='bbox 1467 2106 1578 2176; x_wconf 89' lang='lat' dir='ltr'><strong>aliisque</strong></span> <span class='ocrx_word' id='word_1_85' title='bbox 1601 2122 1685 2177; x_wconf 80' lang='lat' dir='ltr'><strong>nuper</strong></span> <span class='ocrx_word' id='word_1_86' title='bbox 1707 2106 1805 2164; x_wconf 87' lang='lat' dir='ltr'><strong>lactum</strong></span> <span class='ocrx_word' id='word_1_87' title='bbox 1818 2119 1868 2165; x_wconf 85' lang='lat' dir='ltr'><strong>est.</strong></span> <span class='ocrx_word' id='word_1_88' title='bbox 1884 2108 1912 2165; x_wconf 92' lang='lat' dir='ltr'><strong>ld</strong></span> <span class='ocrx_word' id='word_1_89' title='bbox 1937 2111 2008 2166; x_wconf 89' lang='lat' dir='ltr'><strong>eninr</strong></span> <span class='ocrx_word' id='word_1_90' title='bbox 2030 2126 2082 2166; x_wconf 92' lang='lat' dir='ltr'><strong>non</strong></span> <span class='ocrx_word' id='word_1_91' title='bbox 2097 2112 2176 2167; x_wconf 89' lang='lat' dir='ltr'><strong>modo</strong></span> 
     </span>
     <span class='ocr_line' id='line_1_10' title="bbox 549 2190 2172 2267; baseline 0.002 -17"><span class='ocrx_word' id='word_1_92' title='bbox 549 2197 698 2266; x_wconf 74' lang='lat' dir='ltr'><strong>argumenti</strong></span> <span class='ocrx_word' id='word_1_93' title='bbox 721 2196 852 2267; x_wconf 72' lang='lat' dir='ltr'><strong>dignitas,</strong></span> <span class='ocrx_word' id='word_1_94' title='bbox 873 2196 922 2252; x_wconf 87' lang='lat' dir='ltr'><strong>sed</strong></span> <span class='ocrx_word' id='word_1_95' title='bbox 945 2197 1023 2251; x_wconf 90' lang='lat' dir='ltr'><strong>etiam</strong></span> <span class='ocrx_word' id='word_1_96' title='bbox 1044 2196 1146 2266; x_wconf 88' lang='lat' dir='ltr'><strong>pionrnr</strong></span> <span class='ocrx_word' id='word_1_97' title='bbox 1171 2196 1297 2250; x_wconf 90' lang='lat' dir='ltr'><strong>lectorrun</strong></span> <span class='ocrx_word' id='word_1_98' title='bbox 1320 2209 1417 2259; x_wconf 87' lang='lat' dir='ltr'><strong>causa,</strong></span> <span class='ocrx_word' id='word_1_99' title='bbox 1443 2196 1487 2265; x_wconf 91' lang='lat' dir='ltr'><strong>qui</strong></span> <span class='ocrx_word' id='word_1_100' title='bbox 1501 2190 1675 2265; x_wconf 77' lang='lat' dir='ltr'><strong>Aagrrstiur&#39;nn</strong></span> <span class='ocrx_word' id='word_1_101' title='bbox 1690 2197 1725 2253; x_wconf 90' lang='lat' dir='ltr'><strong>de</strong></span> <span class='ocrx_word' id='word_1_102' title='bbox 1747 2200 1844 2256; x_wconf 88' lang='lat' dir='ltr'><strong>sanctis</strong></span> <span class='ocrx_word' id='word_1_103' title='bbox 1870 2199 1978 2256; x_wconf 86' lang='lat' dir='ltr'><strong>Litteris</strong></span> <span class='ocrx_word' id='word_1_104' title='bbox 1999 2200 2172 2257; x_wconf 73' lang='lat' dir='ltr'><strong>disserentem</strong></span> 
     </span>
     <span class='ocr_line' id='line_1_11' title="bbox 550 2284 2244 2359; baseline 0.001 -18"><span class='ocrx_word' id='word_1_105' title='bbox 550 2288 700 2342; x_wconf 75' lang='lat' dir='ltr'><strong>auscultare</strong></span> <span class='ocrx_word' id='word_1_106' title='bbox 712 2296 819 2352; x_wconf 89' lang='lat' dir='ltr'><strong>amant,</strong></span> <span class='ocrx_word' id='word_1_107' title='bbox 836 2286 969 2356; x_wconf 88' lang='lat' dir='ltr'><strong>postulare</strong></span> <span class='ocrx_word' id='word_1_108' title='bbox 983 2287 1137 2351; x_wconf 65' lang='lat' dir='ltr'><strong>intonatum</strong></span> <span class='ocrx_word' id='word_1_109' title='bbox 1153 2295 1181 2340; x_wconf 92' lang='lat' dir='ltr'><strong>ut</strong></span> <span class='ocrx_word' id='word_1_110' title='bbox 1193 2285 1328 2355; x_wconf 73' lang='lat' dir='ltr'><strong>dispositis</strong></span> <span class='ocrx_word' id='word_1_111' title='bbox 1341 2301 1373 2341; x_wconf 85' lang='lat' dir='ltr'><strong>ex</strong></span> <span class='ocrx_word' id='word_1_112' title='bbox 1386 2284 1479 2340; x_wconf 88' lang='lat' dir='ltr'><strong>ordine</strong></span> <span class='ocrx_word' id='word_1_113' title='bbox 1496 2284 1656 2355; x_wconf 85' lang='lat' dir='ltr'><strong>Scripturis,</strong></span> <span class='ocrx_word' id='word_1_114' title='bbox 1672 2286 1810 2342; x_wconf 88' lang='lat' dir='ltr'><strong>continuas</strong></span> <span class='ocrx_word' id='word_1_115' title='bbox 1822 2287 1906 2343; x_wconf 90' lang='lat' dir='ltr'><strong>sancti</strong></span> <span class='ocrx_word' id='word_1_116' title='bbox 1929 2290 2047 2344; x_wconf 87' lang='lat' dir='ltr'><strong>Doctoris</strong></span> <span class='ocrx_word' id='word_1_117' title='bbox 2067 2290 2175 2359; x_wconf 82' lang='lat' dir='ltr'><strong>erposl-</strong></span> <span class='ocrx_word' id='word_1_118' title='bbox 2238 2292 2244 2301; x_wconf 87' lang='grc'><em>“</em></span> 
     </span>
     <span class='ocr_line' id='line_1_12' title="bbox 550 2374 2173 2448; baseline 0.001 -18"><span class='ocrx_word' id='word_1_119' title='bbox 550 2377 636 2433; x_wconf 86' lang='lat' dir='ltr'><strong>tiones</strong></span> <span class='ocrx_word' id='word_1_120' title='bbox 650 2378 676 2432; x_wconf 88' lang='lat' dir='ltr'><strong>irr</strong></span> <span class='ocrx_word' id='word_1_121' title='bbox 691 2386 813 2448; x_wconf 91' lang='lat' dir='ltr'><strong>promptu</strong></span> <span class='ocrx_word' id='word_1_122' title='bbox 829 2377 968 2433; x_wconf 79' lang='lat' dir='ltr'><strong>traherent.</strong></span> <span class='ocrx_word' id='word_1_123' title='bbox 989 2377 1055 2432; x_wconf 91' lang='lat' dir='ltr'><strong>llinc</strong></span> <span class='ocrx_word' id='word_1_124' title='bbox 1068 2385 1110 2432; x_wconf 92' lang='lat' dir='ltr'><strong>est</strong></span> <span class='ocrx_word' id='word_1_125' title='bbox 1122 2376 1192 2447; x_wconf 92' lang='lat' dir='ltr'><strong>quod</strong></span> <span class='ocrx_word' id='word_1_126' title='bbox 1204 2389 1264 2430; x_wconf 92' lang='lat' dir='ltr'><strong>cunr</strong></span> <span class='ocrx_word' id='word_1_127' title='bbox 1278 2375 1336 2431; x_wconf 75' lang='lat' dir='ltr'><strong>istas</strong></span> <span class='ocrx_word' id='word_1_128' title='bbox 1350 2374 1463 2429; x_wconf 88' lang='lat' dir='ltr'><strong>antehae</strong></span> <span class='ocrx_word' id='word_1_129' title='bbox 1476 2375 1503 2429; x_wconf 94' lang='lat' dir='ltr'><strong>in</strong></span> <span class='ocrx_word' id='word_1_130' title='bbox 1523 2374 1649 2445; x_wconf 87' lang='lat' dir='ltr'><strong>quasdam</strong></span> <span class='ocrx_word' id='word_1_131' title='bbox 1665 2375 1743 2430; x_wconf 86' lang='lat' dir='ltr'><strong>veluti</strong></span> <span class='ocrx_word' id='word_1_132' title='bbox 1757 2376 1866 2431; x_wconf 89' lang='lat' dir='ltr'><strong>lacinias</strong></span> <span class='ocrx_word' id='word_1_133' title='bbox 1878 2377 2035 2434; x_wconf 86' lang='lat' dir='ltr'><strong>inconcinne</strong></span> <span class='ocrx_word' id='word_1_134' title='bbox 2047 2377 2173 2445; x_wconf 79' lang='lat' dir='ltr'><strong>diuulsa,</strong></span> 
     </span>
     <span class='ocr_line' id='line_1_13' title="bbox 549 2464 2176 2540; baseline 0.002 -18"><span class='ocrx_word' id='word_1_135' title='bbox 549 2468 716 2538; x_wconf 84' lang='lat' dir='ltr'><strong>acdispcrsae</strong></span> <span class='ocrx_word' id='word_1_136' title='bbox 728 2477 849 2523; x_wconf 73' lang='lat' dir='ltr'><strong>exerrent</strong></span> <span class='ocrx_word' id='word_1_137' title='bbox 863 2484 910 2538; x_wconf 92' lang='lat' dir='ltr'><strong>per</strong></span> <span class='ocrx_word' id='word_1_138' title='bbox 925 2469 1011 2523; x_wconf 79' lang='lat' dir='ltr'><strong>varios</strong></span> <span class='ocrx_word' id='word_1_139' title='bbox 1024 2466 1158 2522; x_wconf 89' lang='lat' dir='ltr'><strong>hincinde</strong></span> <span class='ocrx_word' id='word_1_140' title='bbox 1173 2475 1274 2531; x_wconf 89' lang='lat' dir='ltr'><strong>tomos;</strong></span> <span class='ocrx_word' id='word_1_141' title='bbox 1289 2480 1335 2521; x_wconf 88' lang='lat' dir='ltr'><strong>eas</strong></span> <span class='ocrx_word' id='word_1_142' title='bbox 1349 2466 1375 2521; x_wconf 92' lang='lat' dir='ltr'><strong>in</strong></span> <span class='ocrx_word' id='word_1_143' title='bbox 1389 2480 1471 2520; x_wconf 90' lang='lat' dir='ltr'><strong>unum</strong></span> <span class='ocrx_word' id='word_1_144' title='bbox 1484 2464 1590 2520; x_wconf 90' lang='lat' dir='ltr'><strong>dernurrr</strong></span> <span class='ocrx_word' id='word_1_145' title='bbox 1605 2464 1736 2521; x_wconf 90' lang='lat' dir='ltr'><strong>adducere</strong></span> <span class='ocrx_word' id='word_1_146' title='bbox 1748 2465 1833 2521; x_wconf 80' lang='lat' dir='ltr'><strong>visuro</strong></span> <span class='ocrx_word' id='word_1_147' title='bbox 1847 2475 1904 2533; x_wconf 91' lang='lat' dir='ltr'><strong>cst,</strong></span> <span class='ocrx_word' id='word_1_148' title='bbox 1924 2482 1959 2523; x_wconf 90' lang='lat' dir='ltr'><strong>ue</strong></span> <span class='ocrx_word' id='word_1_149' title='bbox 1973 2469 2016 2523; x_wconf 87' lang='lat' dir='ltr'><strong>illo</strong></span> <span class='ocrx_word' id='word_1_150' title='bbox 2036 2484 2096 2538; x_wconf 82' lang='lat' dir='ltr'><strong>prrs</strong></span> <span class='ocrx_word' id='word_1_151' title='bbox 2116 2485 2176 2540; x_wconf 85' lang='lat' dir='ltr'><strong>quar</strong></span> 
     </span>
     <span class='ocr_line' id='line_1_14' title="bbox 499 2547 2172 2640; baseline -0.001 -26"><span class='ocrx_word' id='word_1_152' title='bbox 499 2628 510 2640; x_wconf 46' lang='lat'><strong>·</strong></span> <span class='ocrx_word' id='word_1_153' title='bbox 550 2560 665 2630; x_wconf 87' lang='lat' dir='ltr'><strong>puriores</strong></span> <span class='ocrx_word' id='word_1_154' title='bbox 683 2559 733 2615; x_wconf 82' lang='lat' dir='ltr'><strong>silri</strong></span> <span class='ocrx_word' id='word_1_155' title='bbox 746 2574 823 2616; x_wconf 87' lang='lat' dir='ltr'><strong>caras</strong></span> <span class='ocrx_word' id='word_1_156' title='bbox 835 2599 843 2627; x_wconf 92' lang='lat'><strong>,</strong></span> <span class='ocrx_word' id='word_1_157' title='bbox 853 2559 1046 2629; x_wconf 75' lang='lat' dir='ltr'><strong>,maioremque</strong></span> <span class='ocrx_word' id='word_1_158' title='bbox 1058 2557 1212 2628; x_wconf 70' lang='lat' dir='ltr'><strong>religionem</strong></span> <span class='ocrx_word' id='word_1_159' title='bbox 1228 2557 1323 2613; x_wconf 91' lang='lat' dir='ltr'><strong>merito</strong></span> <span class='ocrx_word' id='word_1_160' title='bbox 1339 2556 1505 2622; x_wconf 78' lang='lat' dir='ltr'><strong>vindicabat,</strong></span> <span class='ocrx_word' id='word_1_161' title='bbox 1532 2564 1656 2626; x_wconf 90' lang='lat' dir='ltr'><strong>tauquam</strong></span> <span class='ocrx_word' id='word_1_162' title='bbox 1677 2554 1794 2611; x_wconf 81' lang='lat' dir='ltr'><strong>minusa</strong></span> <span class='ocrx_word' id='word_1_163' title='bbox 1813 2547 1888 2611; x_wconf 73' lang='lat' dir='ltr'><strong>nullis</strong></span> <span class='ocrx_word' id='word_1_164' title='bbox 1902 2568 1992 2612; x_wconf 84' lang='lat' dir='ltr'><strong>curata</strong></span> <span class='ocrx_word' id='word_1_165' title='bbox 2014 2559 2172 2627; x_wconf 84' lang='lat' dir='ltr'><strong>traheretur,</strong></span> 
     </span>
     <span class='ocr_line' id='line_1_15' title="bbox 549 2647 1621 2720; baseline -0.006 -15"><span class='ocrx_word' id='word_1_166' title='bbox 549 2653 570 2705; x_wconf 87' lang='lat' dir='ltr'><strong>si</strong></span> <span class='ocrx_word' id='word_1_167' title='bbox 583 2650 763 2720; x_wconf 89' lang='lat' dir='ltr'><strong>perturbamur</strong></span> <span class='ocrx_word' id='word_1_168' title='bbox 776 2659 803 2705; x_wconf 91' lang='lat' dir='ltr'><strong>ct</strong></span> <span class='ocrx_word' id='word_1_169' title='bbox 816 2650 952 2705; x_wconf 79' lang='lat' dir='ltr'><strong>confusam</strong></span> <span class='ocrx_word' id='word_1_170' title='bbox 968 2650 1132 2720; x_wconf 80' lang='lat' dir='ltr'><strong>superiorum</strong></span> <span class='ocrx_word' id='word_1_171' title='bbox 1146 2649 1290 2704; x_wconf 87' lang='lat' dir='ltr'><strong>editionum</strong></span> <span class='ocrx_word' id='word_1_172' title='bbox 1301 2647 1421 2704; x_wconf 87' lang='lat' dir='ltr'><strong>ordinem</strong></span> <span class='ocrx_word' id='word_1_173' title='bbox 1436 2648 1621 2704; x_wconf 87' lang='lat' dir='ltr'><strong>retineremus.</strong></span> 
     </span>
    </p>

    <p class='ocr_par' dir='ltr' id='par_1_6' title="bbox 546 2731 2174 3422">
     <span class='ocr_line' id='line_1_16' title="bbox 585 2731 2171 2812; baseline 0.002 -20"><span class='ocrx_word' id='word_1_174' title='bbox 585 2742 750 2812; x_wconf 80' lang='lat' dir='ltr'><strong>eroqrrrrprer</strong></span> <span class='ocrx_word' id='word_1_175' title='bbox 759 2783 767 2808; x_wconf 90' lang='lat'><strong>,</strong></span> <span class='ocrx_word' id='word_1_176' title='bbox 777 2756 837 2811; x_wconf 75' lang='lat' dir='ltr'><strong>qnae</strong></span> <span class='ocrx_word' id='word_1_177' title='bbox 852 2731 992 2812; x_wconf 76' lang='lat' dir='ltr'><strong>Augustini</strong></span> <span class='ocrx_word' id='word_1_178' title='bbox 1002 2741 1029 2797; x_wconf 94' lang='lat' dir='ltr'><strong>in</strong></span> <span class='ocrx_word' id='word_1_179' title='bbox 1041 2755 1129 2797; x_wconf 91' lang='lat' dir='ltr'><strong>sacras</strong></span> <span class='ocrx_word' id='word_1_180' title='bbox 1141 2740 1257 2796; x_wconf 86' lang='lat' dir='ltr'><strong>Litteras</strong></span> <span class='ocrx_word' id='word_1_181' title='bbox 1269 2740 1464 2796; x_wconf 80' lang='lat' dir='ltr'><strong>lucubrationes</strong></span> <span class='ocrx_word' id='word_1_182' title='bbox 1475 2738 1502 2792; x_wconf 94' lang='lat' dir='ltr'><strong>in</strong></span> <span class='ocrx_word' id='word_1_183' title='bbox 1518 2738 1612 2805; x_wconf 89' lang='lat' dir='ltr'><strong>terrio,</strong></span> <span class='ocrx_word' id='word_1_184' title='bbox 1624 2748 1718 2808; x_wconf 90' lang='lat' dir='ltr'><strong>quarto</strong></span> <span class='ocrx_word' id='word_1_185' title='bbox 1729 2754 1763 2795; x_wconf 87' lang='lat' dir='ltr'><strong>ac</strong></span> <span class='ocrx_word' id='word_1_186' title='bbox 1774 2753 1845 2795; x_wconf 89' lang='lat' dir='ltr'><strong>aorro</strong></span> <span class='ocrx_word' id='word_1_187' title='bbox 1859 2747 1931 2795; x_wconf 90' lang='lat' dir='ltr'><strong>tunro</strong></span> <span class='ocrx_word' id='word_1_188' title='bbox 1942 2740 2075 2797; x_wconf 80' lang='lat' dir='ltr'><strong>distracto</strong></span> <span class='ocrx_word' id='word_1_189' title='bbox 2086 2751 2171 2808; x_wconf 86' lang='lat' dir='ltr'><strong>crant,</strong></span> 
     </span>
     <span class='ocr_line' id='line_1_17' title="bbox 552 2827 2174 2908; baseline 0.005 -26"><span class='ocrx_word' id='word_1_190' title='bbox 552 2830 632 2883; x_wconf 77' lang='lat' dir='ltr'><strong>rasio</strong></span> <span class='ocrx_word' id='word_1_191' title='bbox 644 2828 695 2884; x_wconf 83' lang='lat' dir='ltr'><strong>buc</strong></span> <span class='ocrx_word' id='word_1_192' title='bbox 714 2830 836 2885; x_wconf 83' lang='lat' dir='ltr'><strong>volumen</strong></span> <span class='ocrx_word' id='word_1_193' title='bbox 849 2829 979 2901; x_wconf 85' lang='lat' dir='ltr'><strong>proseria</strong></span> <span class='ocrx_word' id='word_1_194' title='bbox 1001 2830 1104 2886; x_wconf 79' lang='lat' dir='ltr'><strong>Veteris</strong></span> <span class='ocrx_word' id='word_1_195' title='bbox 1126 2846 1158 2885; x_wconf 89' lang='lat' dir='ltr'><strong>ac</strong></span> <span class='ocrx_word' id='word_1_196' title='bbox 1174 2829 1239 2885; x_wconf 83' lang='lat' dir='ltr'><strong>Noui</strong></span> <span class='ocrx_word' id='word_1_197' title='bbox 1254 2830 1415 2908; x_wconf 81' lang='lat' dir='ltr'><strong>Testamenti</strong></span> <span class='ocrx_word' id='word_1_198' title='bbox 1428 2828 1548 2884; x_wconf 89' lang='lat' dir='ltr'><strong>ordinate</strong></span> <span class='ocrx_word' id='word_1_199' title='bbox 1559 2827 1736 2898; x_wconf 77' lang='lat' dir='ltr'><strong>conjecimus,</strong></span> <span class='ocrx_word' id='word_1_200' title='bbox 1751 2829 1894 2900; x_wconf 79' lang='lat' dir='ltr'><strong>premissis</strong></span> <span class='ocrx_word' id='word_1_201' title='bbox 1910 2831 1935 2885; x_wconf 91' lang='lat' dir='ltr'><strong>in</strong></span> <span class='ocrx_word' id='word_1_202' title='bbox 1950 2830 2037 2887; x_wconf 84' lang='lat' dir='ltr'><strong>iroute</strong></span> <span class='ocrx_word' id='word_1_203' title='bbox 2053 2833 2127 2888; x_wconf 89' lang='lat' dir='ltr'><strong>lilrris</strong></span> <span class='ocrx_word' id='word_1_204' title='bbox 2139 2832 2174 2890; x_wconf 87' lang='lat' dir='ltr'><strong>de</strong></span> 
     </span>
     <span class='ocr_line' id='line_1_18' title="bbox 551 2918 2172 2993; baseline 0.002 -18"><span class='ocrx_word' id='word_1_205' title='bbox 551 2918 674 2975; x_wconf 81' lang='lat' dir='ltr'><strong>Doctrina</strong></span> <span class='ocrx_word' id='word_1_206' title='bbox 683 2918 848 2984; x_wconf 84' lang='lat' dir='ltr'><strong>Christiana,</strong></span> <span class='ocrx_word' id='word_1_207' title='bbox 863 2935 923 2988; x_wconf 83' lang='lat' dir='ltr'><strong>quae</strong></span> <span class='ocrx_word' id='word_1_208' title='bbox 932 2920 1014 2975; x_wconf 80' lang='lat' dir='ltr'><strong>veluti</strong></span> <span class='ocrx_word' id='word_1_209' title='bbox 1029 2921 1112 2977; x_wconf 86' lang='lat' dir='ltr'><strong>clauis</strong></span> <span class='ocrx_word' id='word_1_210' title='bbox 1125 2930 1205 2992; x_wconf 88' lang='lat' dir='ltr'><strong>atque</strong></span> <span class='ocrx_word' id='word_1_211' title='bbox 1217 2936 1261 2975; x_wconf 89' lang='lat' dir='ltr'><strong>ars</strong></span> <span class='ocrx_word' id='word_1_212' title='bbox 1275 2932 1316 2976; x_wconf 91' lang='lat' dir='ltr'><strong>est</strong></span> <span class='ocrx_word' id='word_1_213' title='bbox 1326 2930 1398 2976; x_wconf 87' lang='lat' dir='ltr'><strong>recte</strong></span> <span class='ocrx_word' id='word_1_214' title='bbox 1412 2920 1602 2988; x_wconf 86' lang='lat' dir='ltr'><strong>interpretandi</strong></span> <span class='ocrx_word' id='word_1_215' title='bbox 1616 2921 1745 2983; x_wconf 87' lang='lat' dir='ltr'><strong>rationis,</strong></span> <span class='ocrx_word' id='word_1_216' title='bbox 1760 2937 1838 2990; x_wconf 81' lang='lat' dir='ltr'><strong>quarn</strong></span> <span class='ocrx_word' id='word_1_217' title='bbox 1857 2921 1977 2977; x_wconf 88' lang='lat' dir='ltr'><strong>adlribuit</strong></span> <span class='ocrx_word' id='word_1_218' title='bbox 1991 2924 2172 2993; x_wconf 65' lang='lat' dir='ltr'><strong>arqustiirus,</strong></span> 
     </span>
     <span class='ocr_line' id='line_1_19' title="bbox 550 3009 2172 3085; baseline 0.007 -22"><span class='ocrx_word' id='word_1_219' title='bbox 550 3019 579 3063; x_wconf 93' lang='lat' dir='ltr'><strong>ct</strong></span> <span class='ocrx_word' id='word_1_220' title='bbox 599 3017 659 3078; x_wconf 77' lang='lat' dir='ltr'><strong>post</strong></span> <span class='ocrx_word' id='word_1_221' title='bbox 671 3024 733 3064; x_wconf 91' lang='lat' dir='ltr'><strong>enm</strong></span> <span class='ocrx_word' id='word_1_222' title='bbox 745 3009 869 3065; x_wconf 78' lang='lat' dir='ltr'><strong>catholici</strong></span> <span class='ocrx_word' id='word_1_223' title='bbox 879 3020 1112 3067; x_wconf 84' lang='lat' dir='ltr'><strong>commentatores.</strong></span> <span class='ocrx_word' id='word_1_224' title='bbox 1126 3012 1200 3067; x_wconf 92' lang='lat' dir='ltr'><strong>llunc</strong></span> <span class='ocrx_word' id='word_1_225' title='bbox 1213 3020 1302 3067; x_wconf 83' lang='lat' dir='ltr'><strong>autern</strong></span> <span class='ocrx_word' id='word_1_226' title='bbox 1319 3011 1439 3066; x_wconf 89' lang='lat' dir='ltr'><strong>ordinem</strong></span> <span class='ocrx_word' id='word_1_227' title='bbox 1454 3011 1525 3065; x_wconf 89' lang='lat' dir='ltr'><strong>nulla</strong></span> <span class='ocrx_word' id='word_1_228' title='bbox 1538 3026 1602 3068; x_wconf 84' lang='lat' dir='ltr'><strong>sane</strong></span> <span class='ocrx_word' id='word_1_229' title='bbox 1614 3012 1804 3083; x_wconf 68' lang='lat' dir='ltr'><strong>singularitatis</strong></span> <span class='ocrx_word' id='word_1_230' title='bbox 1815 3015 1981 3072; x_wconf 75' lang='lat' dir='ltr'><strong>affectatione</strong></span> <span class='ocrx_word' id='word_1_231' title='bbox 1995 3018 2155 3074; x_wconf 77' lang='lat' dir='ltr'><strong>instituimus</strong></span> <span class='ocrx_word' id='word_1_232' title='bbox 2166 3061 2172 3085; x_wconf 94' lang='lat'><strong>,</strong></span> 
     </span>
     <span class='ocr_line' id='line_1_20' title="bbox 550 3098 2173 3177; baseline 0.008 -24"><span class='ocrx_word' id='word_1_233' title='bbox 550 3098 597 3153; x_wconf 84' lang='lat' dir='ltr'><strong>scd</strong></span> <span class='ocrx_word' id='word_1_234' title='bbox 617 3099 733 3153; x_wconf 77' lang='lat' dir='ltr'><strong>uirorum</strong></span> <span class='ocrx_word' id='word_1_235' title='bbox 747 3099 910 3154; x_wconf 89' lang='lat' dir='ltr'><strong>eruditorum</strong></span> <span class='ocrx_word' id='word_1_236' title='bbox 925 3099 1055 3174; x_wconf 84' lang='lat' dir='ltr'><strong>consilio,</strong></span> <span class='ocrx_word' id='word_1_237' title='bbox 1076 3110 1155 3170; x_wconf 90' lang='lat' dir='ltr'><strong>atque</strong></span> <span class='ocrx_word' id='word_1_238' title='bbox 1178 3099 1388 3169; x_wconf 81' lang='lat' dir='ltr'><strong>arrimojurandi</strong></span> <span class='ocrx_word' id='word_1_239' title='bbox 1411 3100 1525 3155; x_wconf 87' lang='lat' dir='ltr'><strong>lectores</strong></span> <span class='ocrx_word' id='word_1_240' title='bbox 1545 3101 1719 3167; x_wconf 83' lang='lat' dir='ltr'><strong>christianos,</strong></span> <span class='ocrx_word' id='word_1_241' title='bbox 1743 3104 1788 3174; x_wconf 87' lang='lat' dir='ltr'><strong>qui</strong></span> <span class='ocrx_word' id='word_1_242' title='bbox 1808 3105 1959 3162; x_wconf 90' lang='lat' dir='ltr'><strong>reconditos</strong></span> <span class='ocrx_word' id='word_1_243' title='bbox 1978 3106 2173 3177; x_wconf 87' lang='lat' dir='ltr'><strong>Scriptrrrorum</strong></span> 
     </span>
     <span class='ocr_line' id='line_1_21' title="bbox 550 3187 2174 3271; baseline 0.009 -28"><span class='ocrx_word' id='word_1_244' title='bbox 550 3202 645 3243; x_wconf 86' lang='lat' dir='ltr'><strong>sensas</strong></span> <span class='ocrx_word' id='word_1_245' title='bbox 659 3201 692 3242; x_wconf 85' lang='lat' dir='ltr'><strong>ex</strong></span> <span class='ocrx_word' id='word_1_246' title='bbox 706 3187 812 3241; x_wconf 88' lang='lat' dir='ltr'><strong>Parrum</strong></span> <span class='ocrx_word' id='word_1_247' title='bbox 835 3188 975 3241; x_wconf 87' lang='lat' dir='ltr'><strong>traditione</strong></span> <span class='ocrx_word' id='word_1_248' title='bbox 988 3189 1144 3257; x_wconf 88' lang='lat' dir='ltr'><strong>depromere</strong></span> <span class='ocrx_word' id='word_1_249' title='bbox 1155 3202 1187 3241; x_wconf 91' lang='lat' dir='ltr'><strong>ae</strong></span> <span class='ocrx_word' id='word_1_250' title='bbox 1199 3191 1301 3241; x_wconf 85' lang='lat' dir='ltr'><strong>discere</strong></span> <span class='ocrx_word' id='word_1_251' title='bbox 1316 3190 1432 3252; x_wconf 88' lang='lat' dir='ltr'><strong>malunt,</strong></span> <span class='ocrx_word' id='word_1_252' title='bbox 1448 3205 1527 3258; x_wconf 91' lang='lat' dir='ltr'><strong>quam</strong></span> <span class='ocrx_word' id='word_1_253' title='bbox 1546 3205 1578 3244; x_wconf 88' lang='lat' dir='ltr'><strong>cx</strong></span> <span class='ocrx_word' id='word_1_254' title='bbox 1599 3190 1673 3245; x_wconf 82' lang='lat' dir='ltr'><strong>libris</strong></span> <span class='ocrx_word' id='word_1_255' title='bbox 1688 3194 1864 3249; x_wconf 81' lang='lat' dir='ltr'><strong>recentiorum</strong></span> <span class='ocrx_word' id='word_1_256' title='bbox 1879 3205 2034 3265; x_wconf 87' lang='lat' dir='ltr'><strong>auctorum,</strong></span> <span class='ocrx_word' id='word_1_257' title='bbox 2051 3202 2100 3256; x_wconf 88' lang='lat' dir='ltr'><strong>rati</strong></span> <span class='ocrx_word' id='word_1_258' title='bbox 2115 3203 2174 3271; x_wconf 88' lang='lat' dir='ltr'><strong>plus</strong></span> 
     </span>
     <span class='ocr_line' id='line_1_22' title="bbox 546 3273 2170 3359; baseline 0.01 -30"><span class='ocrx_word' id='word_1_259' title='bbox 546 3275 652 3331; x_wconf 89' lang='lat' dir='ltr'><strong>latentis</strong></span> <span class='ocrx_word' id='word_1_260' title='bbox 670 3273 794 3331; x_wconf 73' lang='lat' dir='ltr'><strong>efficacia</strong></span> <span class='ocrx_word' id='word_1_261' title='bbox 807 3275 976 3346; x_wconf 74' lang='lat' dir='ltr'><strong>coelestisque</strong></span> <span class='ocrx_word' id='word_1_262' title='bbox 995 3275 1097 3330; x_wconf 79' lang='lat' dir='ltr'><strong>virtutis</strong></span> <span class='ocrx_word' id='word_1_263' title='bbox 1108 3275 1159 3331; x_wconf 91' lang='lat' dir='ltr'><strong>illis</strong></span> <span class='ocrx_word' id='word_1_264' title='bbox 1174 3274 1279 3342; x_wconf 87' lang='lat' dir='ltr'><strong>inesse,</strong></span> <span class='ocrx_word' id='word_1_265' title='bbox 1293 3277 1337 3347; x_wconf 90' lang='lat' dir='ltr'><strong>qui</strong></span> <span class='ocrx_word' id='word_1_266' title='bbox 1351 3274 1386 3330; x_wconf 87' lang='lat' dir='ltr'><strong>ad</strong></span> <span class='ocrx_word' id='word_1_267' title='bbox 1398 3276 1470 3346; x_wconf 88' lang='lat' dir='ltr'><strong>ipsos</strong></span> <span class='ocrx_word' id='word_1_268' title='bbox 1484 3276 1571 3332; x_wconf 88' lang='lat' dir='ltr'><strong>lentes</strong></span> <span class='ocrx_word' id='word_1_269' title='bbox 1583 3278 1690 3348; x_wconf 88' lang='lat' dir='ltr'><strong>propius</strong></span> <span class='ocrx_word' id='word_1_270' title='bbox 1701 3280 1847 3349; x_wconf 87' lang='lat' dir='ltr'><strong>accedunt,</strong></span> <span class='ocrx_word' id='word_1_271' title='bbox 1862 3299 1914 3338; x_wconf 86' lang='lat' dir='ltr'><strong>nou</strong></span> <span class='ocrx_word' id='word_1_272' title='bbox 1934 3287 2018 3341; x_wconf 89' lang='lat' dir='ltr'><strong>sulum</strong></span> <span class='ocrx_word' id='word_1_273' title='bbox 2034 3298 2170 3359; x_wconf 83' lang='lat' dir='ltr'><strong>tempore,</strong></span> 
     </span>
     <span class='ocr_line' id='line_1_23' title="bbox 546 3366 1846 3422; baseline 0 -1"><span class='ocrx_word' id='word_1_274' title='bbox 546 3366 684 3422; x_wconf 87' lang='lat' dir='ltr'><strong>sedetiam</strong></span> <span class='ocrx_word' id='word_1_275' title='bbox 697 3368 847 3422; x_wconf 81' lang='lat' dir='ltr'><strong>sanctimte.</strong></span> <span class='ocrx_word' id='word_1_276' title='bbox 1841 3397 1846 3406; x_wconf 59' lang='grc' dir='ltr'>ι</span> 
     </span>
    </p>

    <p class='ocr_par' dir='ltr' id='par_1_7' title="bbox 483 3445 2233 4622">
     <span class='ocr_line' id='line_1_24' title="bbox 582 3445 2173 3544; baseline 0.009 -29"><span class='ocrx_word' id='word_1_277' title='bbox 582 3445 647 3515; x_wconf 82' lang='lat' dir='ltr'><strong>Cum</strong></span> <span class='ocrx_word' id='word_1_278' title='bbox 667 3460 737 3516; x_wconf 89' lang='lat' dir='ltr'><strong>enirn</strong></span> <span class='ocrx_word' id='word_1_279' title='bbox 754 3461 900 3531; x_wconf 75' lang='lat' dir='ltr'><strong>Scriptura&gt;</strong></span> <span class='ocrx_word' id='word_1_280' title='bbox 917 3475 1000 3516; x_wconf 70' lang='lat' dir='ltr'><strong>sacrae</strong></span> <span class='ocrx_word' id='word_1_281' title='bbox 1014 3459 1145 3531; x_wconf 82' lang='lat' dir='ltr'><strong>expositio</strong></span> <span class='ocrx_word' id='word_1_282' title='bbox 1155 3458 1181 3514; x_wconf 91' lang='lat' dir='ltr'><strong>ln</strong></span> <span class='ocrx_word' id='word_1_283' title='bbox 1196 3457 1298 3514; x_wconf 84' lang='lat' dir='ltr'><strong>duabus</strong></span> <span class='ocrx_word' id='word_1_284' title='bbox 1311 3458 1425 3526; x_wconf 71' lang='lat' dir='ltr'><strong>maxime</strong></span> <span class='ocrx_word' id='word_1_285' title='bbox 1446 3458 1563 3529; x_wconf 82' lang='lat' dir='ltr'><strong>partibus</strong></span> <span class='ocrx_word' id='word_1_286' title='bbox 1575 3460 1719 3529; x_wconf 89' lang='lat' dir='ltr'><strong>consistat,</strong></span> <span class='ocrx_word' id='word_1_287' title='bbox 1733 3462 1860 3520; x_wconf 89' lang='lat' dir='ltr'><strong>nimirum</strong></span> <span class='ocrx_word' id='word_1_288' title='bbox 1874 3465 1899 3520; x_wconf 89' lang='lat' dir='ltr'><strong>in</strong></span> <span class='ocrx_word' id='word_1_289' title='bbox 1919 3482 1982 3523; x_wconf 84' lang='lat' dir='ltr'><strong>uero</strong></span> <span class='ocrx_word' id='word_1_290' title='bbox 1993 3485 2173 3544; x_wconf 77' lang='lat' dir='ltr'><strong>germanoque</strong></span> 
     </span>
     <span class='ocr_line' id='line_1_25' title="bbox 546 3551 2171 3633; baseline 0.009 -28"><span class='ocrx_word' id='word_1_291' title='bbox 546 3567 625 3607; x_wconf 86' lang='lat' dir='ltr'><strong>srrrsu</strong></span> <span class='ocrx_word' id='word_1_292' title='bbox 639 3552 785 3620; x_wconf 88' lang='lat' dir='ltr'><strong>eliciendo,</strong></span> <span class='ocrx_word' id='word_1_293' title='bbox 799 3563 826 3609; x_wconf 89' lang='lat' dir='ltr'><strong>et</strong></span> <span class='ocrx_word' id='word_1_294' title='bbox 837 3553 863 3609; x_wconf 91' lang='lat' dir='ltr'><strong>in</strong></span> <span class='ocrx_word' id='word_1_295' title='bbox 875 3553 1021 3610; x_wconf 79' lang='lat' dir='ltr'><strong>excitandis</strong></span> <span class='ocrx_word' id='word_1_296' title='bbox 1032 3553 1066 3608; x_wconf 88' lang='lat' dir='ltr'><strong>ad</strong></span> <span class='ocrx_word' id='word_1_297' title='bbox 1077 3553 1202 3623; x_wconf 89' lang='lat' dir='ltr'><strong>pietatem</strong></span> <span class='ocrx_word' id='word_1_298' title='bbox 1216 3551 1345 3606; x_wconf 89' lang='lat' dir='ltr'><strong>lectorum</strong></span> <span class='ocrx_word' id='word_1_299' title='bbox 1356 3553 1469 3618; x_wconf 78' lang='lat' dir='ltr'><strong>animis3</strong></span> <span class='ocrx_word' id='word_1_300' title='bbox 1487 3551 1522 3607; x_wconf 80' lang='lat' dir='ltr'><strong>tta</strong></span> <span class='ocrx_word' id='word_1_301' title='bbox 1537 3554 1681 3621; x_wconf 87' lang='lat' dir='ltr'><strong>comparati</strong></span> <span class='ocrx_word' id='word_1_302' title='bbox 1696 3562 1758 3609; x_wconf 91' lang='lat' dir='ltr'><strong>sunt</strong></span> <span class='ocrx_word' id='word_1_303' title='bbox 1770 3554 1874 3625; x_wconf 92' lang='lat' dir='ltr'><strong>piorum</strong></span> <span class='ocrx_word' id='word_1_304' title='bbox 1888 3557 2081 3633; x_wconf 81' lang='lat' dir='ltr'><strong>domorumque</strong></span> <span class='ocrx_word' id='word_1_305' title='bbox 2093 3566 2171 3622; x_wconf 84' lang='lat' dir='ltr'><strong>sirrrul</strong></span> 
     </span>
     <span class='ocr_line' id='line_1_26' title="bbox 546 3643 2172 3727; baseline 0.009 -30"><span class='ocrx_word' id='word_1_306' title='bbox 546 3643 682 3698; x_wconf 82' lang='lat' dir='ltr'><strong>nominum</strong></span> <span class='ocrx_word' id='word_1_307' title='bbox 704 3644 841 3714; x_wconf 84' lang='lat' dir='ltr'><strong>plerique,</strong></span> <span class='ocrx_word' id='word_1_308' title='bbox 856 3655 886 3700; x_wconf 92' lang='lat' dir='ltr'><strong>at</strong></span> <span class='ocrx_word' id='word_1_309' title='bbox 896 3660 949 3702; x_wconf 88' lang='lat' dir='ltr'><strong>oon</strong></span> <span class='ocrx_word' id='word_1_310' title='bbox 959 3645 1044 3700; x_wconf 90' lang='lat' dir='ltr'><strong>solum</strong></span> <span class='ocrx_word' id='word_1_311' title='bbox 1058 3645 1118 3716; x_wconf 90' lang='lat' dir='ltr'><strong>plus</strong></span> <span class='ocrx_word' id='word_1_312' title='bbox 1128 3645 1212 3699; x_wconf 84' lang='lat' dir='ltr'><strong>ratert</strong></span> <span class='ocrx_word' id='word_1_313' title='bbox 1221 3643 1290 3715; x_wconf 90' lang='lat' dir='ltr'><strong>apud</strong></span> <span class='ocrx_word' id='word_1_314' title='bbox 1303 3658 1350 3701; x_wconf 85' lang='lat' dir='ltr'><strong>eos</strong></span> <span class='ocrx_word' id='word_1_315' title='bbox 1362 3652 1481 3700; x_wconf 82' lang='lat' dir='ltr'><strong>veteram</strong></span> <span class='ocrx_word' id='word_1_316' title='bbox 1491 3659 1569 3714; x_wconf 88' lang='lat' dir='ltr'><strong>quam</strong></span> <span class='ocrx_word' id='word_1_317' title='bbox 1582 3646 1757 3701; x_wconf 88' lang='lat' dir='ltr'><strong>recentiorum</strong></span> <span class='ocrx_word' id='word_1_318' title='bbox 1771 3650 1931 3717; x_wconf 83' lang='lat' dir='ltr'><strong>auctoritas,</strong></span> <span class='ocrx_word' id='word_1_319' title='bbox 1944 3652 1990 3708; x_wconf 84' lang='lat' dir='ltr'><strong>sert</strong></span> <span class='ocrx_word' id='word_1_320' title='bbox 2001 3655 2079 3709; x_wconf 87' lang='lat' dir='ltr'><strong>etiarn</strong></span> <span class='ocrx_word' id='word_1_321' title='bbox 2094 3654 2172 3727; x_wconf 74' lang='lat' dir='ltr'><strong>louge</strong></span> 
     </span>
     <span class='ocr_line' id='line_1_27' title="bbox 546 3731 2170 3802; baseline 0.009 -16"><span class='ocrx_word' id='word_1_322' title='bbox 546 3734 696 3801; x_wconf 88' lang='lat' dir='ltr'><strong>srrrpliusln</strong></span> <span class='ocrx_word' id='word_1_323' title='bbox 711 3733 758 3790; x_wconf 78' lang='lat' dir='ltr'><strong>liei</strong></span> <span class='ocrx_word' id='word_1_324' title='bbox 772 3733 872 3789; x_wconf 90' lang='lat' dir='ltr'><strong>cultum</strong></span> <span class='ocrx_word' id='word_1_325' title='bbox 886 3743 913 3789; x_wconf 90' lang='lat' dir='ltr'><strong>et</strong></span> <span class='ocrx_word' id='word_1_326' title='bbox 933 3749 1050 3789; x_wconf 87' lang='lat' dir='ltr'><strong>anrorcrn</strong></span> <span class='ocrx_word' id='word_1_327' title='bbox 1065 3750 1099 3790; x_wconf 86' lang='lat' dir='ltr'><strong>ex</strong></span> <span class='ocrx_word' id='word_1_328' title='bbox 1119 3734 1224 3789; x_wconf 91' lang='lat' dir='ltr'><strong>illorum</strong></span> <span class='ocrx_word' id='word_1_329' title='bbox 1246 3731 1359 3789; x_wconf 87' lang='lat' dir='ltr'><strong>lectione</strong></span> <span class='ocrx_word' id='word_1_330' title='bbox 1382 3733 1562 3790; x_wconf 87' lang='lat' dir='ltr'><strong>accendantur</strong></span> <span class='ocrx_word' id='word_1_331' title='bbox 1575 3750 1582 3787; x_wconf 76' lang='grc' dir='ltr'><strong>ι</strong></span> <span class='ocrx_word' id='word_1_332' title='bbox 1597 3734 1654 3790; x_wconf 84' lang='lat' dir='ltr'><strong>sire</strong></span> <span class='ocrx_word' id='word_1_333' title='bbox 1677 3734 1703 3790; x_wconf 92' lang='lat' dir='ltr'><strong>id</strong></span> <span class='ocrx_word' id='word_1_334' title='bbox 1718 3737 1820 3792; x_wconf 89' lang='lat' dir='ltr'><strong>oriatur</strong></span> <span class='ocrx_word' id='word_1_335' title='bbox 1841 3754 1872 3794; x_wconf 91' lang='lat' dir='ltr'><strong>ex</strong></span> <span class='ocrx_word' id='word_1_336' title='bbox 1899 3740 1975 3796; x_wconf 88' lang='lat' dir='ltr'><strong>insita</strong></span> <span class='ocrx_word' id='word_1_337' title='bbox 2001 3745 2170 3802; x_wconf 83' lang='lat' dir='ltr'><strong>ueneratione</strong></span> 
     </span>
     <span class='ocr_line' id='line_1_28' title="bbox 549 3822 2172 3895; baseline 0.009 -20"><span class='ocrx_word' id='word_1_338' title='bbox 549 3822 679 3891; x_wconf 82' lang='lat' dir='ltr'><strong>majorum</strong></span> <span class='ocrx_word' id='word_1_339' title='bbox 690 3864 698 3889; x_wconf 95' lang='lat'><strong>,</strong></span> <span class='ocrx_word' id='word_1_340' title='bbox 709 3824 766 3879; x_wconf 86' lang='lat' dir='ltr'><strong>sive</strong></span> <span class='ocrx_word' id='word_1_341' title='bbox 779 3838 813 3879; x_wconf 87' lang='lat' dir='ltr'><strong>er</strong></span> <span class='ocrx_word' id='word_1_342' title='bbox 826 3823 927 3879; x_wconf 76' lang='lat' dir='ltr'><strong>caelesti</strong></span> <span class='ocrx_word' id='word_1_343' title='bbox 938 3822 1049 3893; x_wconf 88' lang='lat' dir='ltr'><strong>quadam</strong></span> <span class='ocrx_word' id='word_1_344' title='bbox 1062 3824 1158 3878; x_wconf 87' lang='lat' dir='ltr'><strong>rlrtute</strong></span> <span class='ocrx_word' id='word_1_345' title='bbox 1169 3838 1260 3877; x_wconf 91' lang='lat' dir='ltr'><strong>eorum</strong></span> <span class='ocrx_word' id='word_1_346' title='bbox 1276 3822 1350 3878; x_wconf 88' lang='lat' dir='ltr'><strong>libris</strong></span> <span class='ocrx_word' id='word_1_347' title='bbox 1361 3822 1447 3878; x_wconf 85' lang='lat' dir='ltr'><strong>inlusa</strong></span> <span class='ocrx_word' id='word_1_348' title='bbox 1457 3864 1465 3890; x_wconf 97' lang='lat'><strong>,</strong></span> <span class='ocrx_word' id='word_1_349' title='bbox 1476 3832 1555 3894; x_wconf 90' lang='lat' dir='ltr'><strong>atque</strong></span> <span class='ocrx_word' id='word_1_350' title='bbox 1570 3838 1601 3878; x_wconf 90' lang='lat' dir='ltr'><strong>ex</strong></span> <span class='ocrx_word' id='word_1_351' title='bbox 1623 3823 1737 3894; x_wconf 86' lang='lat' dir='ltr'><strong>quodam</strong></span> <span class='ocrx_word' id='word_1_352' title='bbox 1750 3828 1870 3895; x_wconf 76' lang='lat' dir='ltr'><strong>gerlaius</strong></span> <span class='ocrx_word' id='word_1_353' title='bbox 1884 3830 2032 3887; x_wconf 87' lang='lat' dir='ltr'><strong>sanctitatis</strong></span> <span class='ocrx_word' id='word_1_354' title='bbox 2045 3846 2125 3888; x_wconf 90' lang='lat' dir='ltr'><strong>succo</strong></span> <span class='ocrx_word' id='word_1_355' title='bbox 2145 3845 2172 3889; x_wconf 90' lang='lat' dir='ltr'><strong>et</strong></span> 
     </span>
     <span class='ocr_line' id='line_1_29' title="bbox 545 3912 2233 3986; baseline 0.008 -22"><span class='ocrx_word' id='word_1_356' title='bbox 545 3921 642 3979; x_wconf 71' lang='lat' dir='ltr'><strong>pastu,</strong></span> <span class='ocrx_word' id='word_1_357' title='bbox 655 3913 701 3983; x_wconf 90' lang='lat' dir='ltr'><strong>qui</strong></span> <span class='ocrx_word' id='word_1_358' title='bbox 715 3929 748 3969; x_wconf 83' lang='lat' dir='ltr'><strong>es</strong></span> <span class='ocrx_word' id='word_1_359' title='bbox 762 3928 855 3969; x_wconf 90' lang='lat' dir='ltr'><strong>corunr</strong></span> <span class='ocrx_word' id='word_1_360' title='bbox 869 3912 975 3984; x_wconf 88' lang='lat' dir='ltr'><strong>scriptis</strong></span> <span class='ocrx_word' id='word_1_361' title='bbox 994 3912 1145 3983; x_wconf 84' lang='lat' dir='ltr'><strong>percipitur.</strong></span> <span class='ocrx_word' id='word_1_362' title='bbox 1162 3912 1219 3968; x_wconf 81' lang='lat' dir='ltr'><strong>Etsi</strong></span> <span class='ocrx_word' id='word_1_363' title='bbox 1232 3927 1312 3983; x_wconf 88' lang='lat' dir='ltr'><strong>porro</strong></span> <span class='ocrx_word' id='word_1_364' title='bbox 1331 3912 1357 3967; x_wconf 91' lang='lat' dir='ltr'><strong>in</strong></span> <span class='ocrx_word' id='word_1_365' title='bbox 1372 3912 1530 3982; x_wconf 84' lang='lat' dir='ltr'><strong>explicando</strong></span> <span class='ocrx_word' id='word_1_366' title='bbox 1551 3927 1631 3968; x_wconf 89' lang='lat' dir='ltr'><strong>sensa</strong></span> <span class='ocrx_word' id='word_1_367' title='bbox 1647 3912 1752 3968; x_wconf 90' lang='lat' dir='ltr'><strong>litterali</strong></span> <span class='ocrx_word' id='word_1_368' title='bbox 1766 3930 1813 3970; x_wconf 89' lang='lat' dir='ltr'><strong>sea</strong></span> <span class='ocrx_word' id='word_1_369' title='bbox 1833 3917 2021 3986; x_wconf 80' lang='lat' dir='ltr'><strong>granmraticali</strong></span> <span class='ocrx_word' id='word_1_370' title='bbox 2045 3923 2170 3977; x_wconf 87' lang='lat' dir='ltr'><strong>rrorrnulla</strong></span> <span class='ocrx_word' id='word_1_371' title='bbox 2229 3931 2233 3940; x_wconf 90' lang='grc'><em>“</em></span> 
     </span>
     <span class='ocr_line' id='line_1_30' title="bbox 483 3981 2181 4075; baseline 0.006 -20"><span class='ocrx_word' id='word_1_372' title='bbox 483 4002 485 4005; x_wconf 80' lang='grc'><strong>’</strong></span> <span class='ocrx_word' id='word_1_373' title='bbox 545 4002 649 4057; x_wconf 75' lang='lat' dir='ltr'><strong>felicius</strong></span> <span class='ocrx_word' id='word_1_374' title='bbox 669 4004 781 4060; x_wconf 81' lang='lat' dir='ltr'><strong>assecuti</strong></span> <span class='ocrx_word' id='word_1_375' title='bbox 801 4004 855 4059; x_wconf 90' lang='lat' dir='ltr'><strong>sint</strong></span> <span class='ocrx_word' id='word_1_376' title='bbox 869 4003 1031 4059; x_wconf 77' lang='lat' dir='ltr'><strong>recentiores</strong></span> <span class='ocrx_word' id='word_1_377' title='bbox 1043 4003 1165 4074; x_wconf 88' lang='lat' dir='ltr'><strong>quidam,</strong></span> <span class='ocrx_word' id='word_1_378' title='bbox 1187 4018 1266 4073; x_wconf 91' lang='lat' dir='ltr'><strong>quam</strong></span> <span class='ocrx_word' id='word_1_379' title='bbox 1282 4011 1402 4069; x_wconf 84' lang='lat' dir='ltr'><strong>reteres;</strong></span> <span class='ocrx_word' id='word_1_380' title='bbox 1418 4002 1503 4075; x_wconf 72' lang='lat' dir='ltr'><strong>magis</strong></span> <span class='ocrx_word' id='word_1_381' title='bbox 1525 4010 1612 4058; x_wconf 88' lang='lat' dir='ltr'><strong>tamen</strong></span> <span class='ocrx_word' id='word_1_382' title='bbox 1634 4001 1666 4057; x_wconf 93' lang='lat' dir='ltr'><strong>ad</strong></span> <span class='ocrx_word' id='word_1_383' title='bbox 1680 4003 1855 4059; x_wconf 87' lang='lat' dir='ltr'><strong>roborandam</strong></span> <span class='ocrx_word' id='word_1_384' title='bbox 1874 4005 1952 4061; x_wconf 81' lang='lat' dir='ltr'><strong>sidem</strong></span> <span class='ocrx_word' id='word_1_385' title='bbox 1976 3981 2128 4065; x_wconf 69' lang='lat' dir='ltr'><strong>conducunt</strong></span> <span class='ocrx_word' id='word_1_386' title='bbox 2142 4001 2181 4066; x_wconf 84' lang='lat' dir='ltr'><strong>lri&#39;</strong></span> 
     </span>
     <span class='ocr_line' id='line_1_31' title="bbox 544 4090 2172 4168; baseline 0.006 -23"><span class='ocrx_word' id='word_1_387' title='bbox 544 4108 623 4162; x_wconf 87' lang='lat' dir='ltr'><strong>quom</strong></span> <span class='ocrx_word' id='word_1_388' title='bbox 636 4094 673 4148; x_wconf 91' lang='lat' dir='ltr'><strong>illi</strong></span> <span class='ocrx_word' id='word_1_389' title='bbox 686 4112 693 4149; x_wconf 92' lang='lat'><strong>:</strong></span> <span class='ocrx_word' id='word_1_390' title='bbox 708 4095 770 4149; x_wconf 90' lang='lat' dir='ltr'><strong>atsi</strong></span> <span class='ocrx_word' id='word_1_391' title='bbox 790 4093 934 4150; x_wconf 78' lang='lat' dir='ltr'><strong>recondite</strong></span> <span class='ocrx_word' id='word_1_392' title='bbox 955 4094 1060 4163; x_wconf 85' lang='lat' dir='ltr'><strong>pietatis</strong></span> <span class='ocrx_word' id='word_1_393' title='bbox 1074 4108 1181 4160; x_wconf 88' lang='lat' dir='ltr'><strong>sensum</strong></span> <span class='ocrx_word' id='word_1_394' title='bbox 1196 4094 1222 4147; x_wconf 89' lang='lat' dir='ltr'><strong>iu</strong></span> <span class='ocrx_word' id='word_1_395' title='bbox 1236 4092 1354 4163; x_wconf 88' lang='lat' dir='ltr'><strong>utrisque</strong></span> <span class='ocrx_word' id='word_1_396' title='bbox 1366 4106 1506 4162; x_wconf 88' lang='lat' dir='ltr'><strong>compares</strong></span> <span class='ocrx_word' id='word_1_397' title='bbox 1518 4132 1525 4157; x_wconf 97' lang='lat'><strong>,</strong></span> <span class='ocrx_word' id='word_1_398' title='bbox 1539 4090 1567 4145; x_wconf 91' lang='lat' dir='ltr'><strong>in</strong></span> <span class='ocrx_word' id='word_1_399' title='bbox 1586 4090 1661 4146; x_wconf 83' lang='lat' dir='ltr'><strong>nouis</strong></span> <span class='ocrx_word' id='word_1_400' title='bbox 1675 4106 1743 4161; x_wconf 90' lang='lat' dir='ltr'><strong>pene</strong></span> <span class='ocrx_word' id='word_1_401' title='bbox 1756 4094 1889 4149; x_wconf 89' lang='lat' dir='ltr'><strong>emarcida</strong></span> <span class='ocrx_word' id='word_1_402' title='bbox 1909 4102 1937 4150; x_wconf 92' lang='lat' dir='ltr'><strong>et</strong></span> <span class='ocrx_word' id='word_1_403' title='bbox 1958 4095 2085 4167; x_wconf 77' lang='lat' dir='ltr'><strong>languens</strong></span> <span class='ocrx_word' id='word_1_404' title='bbox 2100 4097 2172 4168; x_wconf 87' lang='lat' dir='ltr'><strong>jacet</strong></span> 
     </span>
     <span class='ocr_line' id='line_1_32' title="bbox 543 4167 2169 4268; baseline 0.003 -28"><span class='ocrx_word' id='word_1_405' title='bbox 543 4186 715 4258; x_wconf 80' lang='lat' dir='ltr'><strong>intelligentia</strong></span> <span class='ocrx_word' id='word_1_406' title='bbox 730 4186 945 4257; x_wconf 86' lang='lat' dir='ltr'><strong>Scriptumranr;</strong></span> <span class='ocrx_word' id='word_1_407' title='bbox 962 4185 988 4239; x_wconf 90' lang='lat' dir='ltr'><strong>in</strong></span> <span class='ocrx_word' id='word_1_408' title='bbox 1001 4184 1116 4268; x_wconf 72' lang='lat' dir='ltr'><strong>antiquis</strong></span> <span class='ocrx_word' id='word_1_409' title='bbox 1135 4199 1212 4239; x_wconf 81' lang='lat' dir='ltr'><strong>sacro</strong></span> <span class='ocrx_word' id='word_1_410' title='bbox 1226 4184 1361 4240; x_wconf 89' lang='lat' dir='ltr'><strong>clraritatis</strong></span> <span class='ocrx_word' id='word_1_411' title='bbox 1377 4183 1438 4253; x_wconf 76' lang='lat' dir='ltr'><strong>ique</strong></span> <span class='ocrx_word' id='word_1_412' title='bbox 1451 4196 1578 4238; x_wconf 91' lang='lat' dir='ltr'><strong>succensa</strong></span> <span class='ocrx_word' id='word_1_413' title='bbox 1590 4181 1693 4237; x_wconf 91' lang='lat' dir='ltr'><strong>animos</strong></span> <span class='ocrx_word' id='word_1_414' title='bbox 1706 4183 1849 4254; x_wconf 79' lang='lat' dir='ltr'><strong>logentium</strong></span> <span class='ocrx_word' id='word_1_415' title='bbox 1871 4184 1942 4242; x_wconf 84' lang='lat' dir='ltr'><strong>louet</strong></span> <span class='ocrx_word' id='word_1_416' title='bbox 1956 4201 1988 4241; x_wconf 90' lang='lat' dir='ltr'><strong>ae</strong></span> <span class='ocrx_word' id='word_1_417' title='bbox 2002 4167 2115 4244; x_wconf 71' lang='lat' dir='ltr'><strong>r‘ccrcat.</strong></span> <span class='ocrx_word' id='word_1_418' title='bbox 2141 4188 2169 4245; x_wconf 91' lang='lat' dir='ltr'><strong>ld</strong></span> 
     </span>
     <span class='ocr_line' id='line_1_33' title="bbox 542 4272 2171 4351; baseline 0.001 -18"><span class='ocrx_word' id='word_1_419' title='bbox 542 4293 608 4335; x_wconf 81' lang='lat' dir='ltr'><strong>sane</strong></span> <span class='ocrx_word' id='word_1_420' title='bbox 621 4280 734 4350; x_wconf 84' lang='lat' dir='ltr'><strong>experiri</strong></span> <span class='ocrx_word' id='word_1_421' title='bbox 749 4280 811 4335; x_wconf 89' lang='lat' dir='ltr'><strong>licet</strong></span> <span class='ocrx_word' id='word_1_422' title='bbox 823 4279 955 4351; x_wconf 75' lang='lat' dir='ltr'><strong>praecipue</strong></span> <span class='ocrx_word' id='word_1_423' title='bbox 971 4277 997 4333; x_wconf 94' lang='lat' dir='ltr'><strong>in</strong></span> <span class='ocrx_word' id='word_1_424' title='bbox 1009 4276 1170 4347; x_wconf 70' lang='lat' dir='ltr'><strong>arquatino,</strong></span> <span class='ocrx_word' id='word_1_425' title='bbox 1184 4276 1238 4332; x_wconf 91' lang='lat' dir='ltr'><strong>irno</strong></span> <span class='ocrx_word' id='word_1_426' title='bbox 1253 4275 1354 4345; x_wconf 84' lang='lat' dir='ltr'><strong>experti</strong></span> <span class='ocrx_word' id='word_1_427' title='bbox 1368 4282 1431 4329; x_wconf 92' lang='lat' dir='ltr'><strong>sunt</strong></span> <span class='ocrx_word' id='word_1_428' title='bbox 1443 4274 1601 4344; x_wconf 90' lang='lat' dir='ltr'><strong>quicumque</strong></span> <span class='ocrx_word' id='word_1_429' title='bbox 1614 4272 1733 4329; x_wconf 89' lang='lat' dir='ltr'><strong>sedulam</strong></span> <span class='ocrx_word' id='word_1_430' title='bbox 1746 4274 1803 4344; x_wconf 81' lang='lat' dir='ltr'><strong>rjus</strong></span> <span class='ocrx_word' id='word_1_431' title='bbox 1817 4277 2013 4332; x_wconf 82' lang='lat' dir='ltr'><strong>coromemarits</strong></span> <span class='ocrx_word' id='word_1_432' title='bbox 2023 4293 2054 4334; x_wconf 87' lang='lat' dir='ltr'><strong>ac</strong></span> <span class='ocrx_word' id='word_1_433' title='bbox 2065 4278 2171 4349; x_wconf 86' lang='lat' dir='ltr'><strong>scriptis</strong></span> 
     </span>
     <span class='ocr_line' id='line_1_34' title="bbox 544 4362 2160 4443; baseline -0.002 -19"><span class='ocrx_word' id='word_1_434' title='bbox 544 4382 674 4427; x_wconf 83' lang='lat' dir='ltr'><strong>novarum</strong></span> <span class='ocrx_word' id='word_1_435' title='bbox 691 4387 810 4443; x_wconf 84' lang='lat' dir='ltr'><strong>operam.</strong></span> <span class='ocrx_word' id='word_1_436' title='bbox 828 4370 910 4438; x_wconf 84' lang='lat' dir='ltr'><strong>Nam,</strong></span> <span class='ocrx_word' id='word_1_437' title='bbox 930 4370 952 4425; x_wconf 88' lang='lat' dir='ltr'><strong>si</strong></span> <span class='ocrx_word' id='word_1_438' title='bbox 965 4368 1077 4424; x_wconf 88' lang='lat' dir='ltr'><strong>docendi</strong></span> <span class='ocrx_word' id='word_1_439' title='bbox 1096 4376 1158 4422; x_wconf 89' lang='lat' dir='ltr'><strong>sunt</strong></span> <span class='ocrx_word' id='word_1_440' title='bbox 1171 4366 1304 4431; x_wconf 87' lang='lat' dir='ltr'><strong>lecturos,</strong></span> <span class='ocrx_word' id='word_1_441' title='bbox 1323 4364 1386 4418; x_wconf 86' lang='lat' dir='ltr'><strong>sicut</strong></span> <span class='ocrx_word' id='word_1_442' title='bbox 1401 4364 1440 4419; x_wconf 90' lang='lat' dir='ltr'><strong>sol</strong></span> <span class='ocrx_word' id='word_1_443' title='bbox 1453 4364 1479 4417; x_wconf 89' lang='lat' dir='ltr'><strong>in</strong></span> <span class='ocrx_word' id='word_1_444' title='bbox 1493 4364 1586 4417; x_wconf 84' lang='lat' dir='ltr'><strong>lrrruiue</strong></span> <span class='ocrx_word' id='word_1_445' title='bbox 1597 4362 1692 4417; x_wconf 78' lang='lat' dir='ltr'><strong>cecedit</strong></span> <span class='ocrx_word' id='word_1_446' title='bbox 1706 4379 1790 4419; x_wconf 75' lang='lat' dir='ltr'><strong>umores</strong></span> <span class='ocrx_word' id='word_1_447' title='bbox 1807 4364 1935 4435; x_wconf 86' lang='lat' dir='ltr'><strong>planetas,</strong></span> <span class='ocrx_word' id='word_1_448' title='bbox 1951 4366 1986 4420; x_wconf 85' lang='lat' dir='ltr'><strong>ita</strong></span> <span class='ocrx_word' id='word_1_449' title='bbox 2007 4367 2160 4437; x_wconf 69' lang='lat' dir='ltr'><strong>asquitinus</strong></span> 
     </span>
     <span class='ocr_line' id='line_1_35' title="bbox 542 4453 2162 4533; baseline -0.001 -19"><span class='ocrx_word' id='word_1_450' title='bbox 542 4478 628 4516; x_wconf 80' lang='lat' dir='ltr'><strong>ouum</strong></span> <span class='ocrx_word' id='word_1_451' title='bbox 641 4464 745 4518; x_wconf 67' lang='lat' dir='ltr'><strong>acessit</strong></span> <span class='ocrx_word' id='word_1_452' title='bbox 759 4464 785 4517; x_wconf 91' lang='grc' dir='ltr'><strong>ιἰι</strong></span> <span class='ocrx_word' id='word_1_453' title='bbox 800 4463 947 4533; x_wconf 72' lang='lat' dir='ltr'><strong>exponendo</strong></span> <span class='ocrx_word' id='word_1_454' title='bbox 968 4476 1054 4516; x_wconf 84' lang='lat' dir='ltr'><strong>sacrm</strong></span> <span class='ocrx_word' id='word_1_455' title='bbox 1069 4457 1234 4529; x_wconf 84' lang='lat' dir='ltr'><strong>Scripturas,</strong></span> <span class='ocrx_word' id='word_1_456' title='bbox 1250 4457 1335 4525; x_wconf 91' lang='lat' dir='ltr'><strong>inquit</strong></span> <span class='ocrx_word' id='word_1_457' title='bbox 1358 4456 1493 4526; x_wconf 72' lang='lat' dir='ltr'><strong>Remigius</strong></span> <span class='ocrx_word' id='word_1_458' title='bbox 1517 4453 1757 4509; x_wconf 78' lang='lat' dir='ltr'><strong>Autissiolorensis</strong></span> <span class='ocrx_word' id='word_1_459' title='bbox 1773 4454 1931 4525; x_wconf 74' lang='lat' dir='ltr'><strong>(conruunt.</strong></span> <span class='ocrx_word' id='word_1_460' title='bbox 1946 4457 1971 4510; x_wconf 88' lang='lat' dir='ltr'><strong>lu</strong></span> <span class='ocrx_word' id='word_1_461' title='bbox 1987 4453 2016 4510; x_wconf 87' lang='lat' dir='ltr'><strong>tt</strong></span> <span class='ocrx_word' id='word_1_462' title='bbox 2029 4455 2111 4530; x_wconf 72' lang='lat' dir='ltr'><strong>Cor-l.</strong></span> <span class='ocrx_word' id='word_1_463' title='bbox 2134 4458 2162 4516; x_wconf 86' lang='lat' dir='ltr'><strong>Si</strong></span> 
     </span>
     <span class='ocr_line' id='line_1_36' title="bbox 543 4540 2167 4622; baseline -0.003 -13"><span class='ocrx_word' id='word_1_464' title='bbox 543 4556 725 4611; x_wconf 85' lang='lat' dir='ltr'><strong>cornmorendi</strong></span> <span class='ocrx_word' id='word_1_465' title='bbox 740 4565 767 4613; x_wconf 91' lang='lat' dir='ltr'><strong>et</strong></span> <span class='ocrx_word' id='word_1_466' title='bbox 778 4555 907 4612; x_wconf 83' lang='lat' dir='ltr'><strong>excit-rodi</strong></span> <span class='ocrx_word' id='word_1_467' title='bbox 922 4566 983 4608; x_wconf 89' lang='lat' dir='ltr'><strong>sunt</strong></span> <span class='ocrx_word' id='word_1_468' title='bbox 1006 4552 1151 4622; x_wconf 73' lang='lat' dir='ltr'><strong>legentium</strong></span> <span class='ocrx_word' id='word_1_469' title='bbox 1165 4547 1292 4615; x_wconf 81' lang='lat' dir='ltr'><strong>allectus,</strong></span> <span class='ocrx_word' id='word_1_470' title='bbox 1308 4540 1394 4602; x_wconf 88' lang='lat' dir='ltr'><strong>nullus</strong></span> <span class='ocrx_word' id='word_1_471' title='bbox 1408 4546 1434 4602; x_wconf 89' lang='lat' dir='ltr'><strong>id</strong></span> <span class='ocrx_word' id='word_1_472' title='bbox 1453 4545 1563 4601; x_wconf 85' lang='lat' dir='ltr'><strong>suavius</strong></span> <span class='ocrx_word' id='word_1_473' title='bbox 1582 4553 1609 4599; x_wconf 90' lang='lat' dir='ltr'><strong>et</strong></span> <span class='ocrx_word' id='word_1_474' title='bbox 1630 4545 1762 4600; x_wconf 88' lang='lat' dir='ltr'><strong>eilicacius</strong></span> <span class='ocrx_word' id='word_1_475' title='bbox 1776 4555 1882 4615; x_wconf 77' lang='lat' dir='ltr'><strong>praestat</strong></span> <span class='ocrx_word' id='word_1_476' title='bbox 1899 4562 1977 4618; x_wconf 90' lang='lat' dir='ltr'><strong>qnam</strong></span> <span class='ocrx_word' id='word_1_477' title='bbox 1997 4550 2167 4620; x_wconf 73' lang='lat' dir='ltr'><strong>Augustinus.</strong></span> 
     </span>
    </p>
   </div>
   <div class='ocr_carea' id='block_1_6' title="bbox 543 4615 2291 4715">
    <p class='ocr_par' dir='ltr' id='par_1_8' title="bbox 543 4615 2291 4715">
     <span class='ocr_line' id='line_1_37' title="bbox 543 4615 2291 4715; baseline -0.003 -16"><span class='ocrx_word' id='word_1_478' title='bbox 543 4645 667 4701; x_wconf 82' lang='lat' dir='ltr'><strong>l‘rolrarit</strong></span> <span class='ocrx_word' id='word_1_479' title='bbox 686 4647 801 4715; x_wconf 84' lang='lat' dir='ltr'><strong>lrocjam</strong></span> <span class='ocrx_word' id='word_1_480' title='bbox 822 4646 885 4699; x_wconf 89' lang='lat' dir='ltr'><strong>olim</strong></span> <span class='ocrx_word' id='word_1_481' title='bbox 901 4642 1055 4715; x_wconf 77' lang='lat' dir='ltr'><strong>Fulgentius</strong></span> <span class='ocrx_word' id='word_1_482' title='bbox 1071 4641 1135 4696; x_wconf 89' lang='lat' dir='ltr'><strong>tanti</strong></span> <span class='ocrx_word' id='word_1_483' title='bbox 1150 4639 1265 4709; x_wconf 79' lang='lat' dir='ltr'><strong>llagistri</strong></span> <span class='ocrx_word' id='word_1_484' title='bbox 1279 4636 1439 4706; x_wconf 91' lang='lat' dir='ltr'><strong>discipulus,</strong></span> <span class='ocrx_word' id='word_1_485' title='bbox 1453 4636 1497 4705; x_wconf 86' lang='lat' dir='ltr'><strong>qui</strong></span> <span class='ocrx_word' id='word_1_486' title='bbox 1514 4634 1556 4688; x_wconf 83' lang='lat' dir='ltr'><strong>uli</strong></span> <span class='ocrx_word' id='word_1_487' title='bbox 1569 4636 1718 4704; x_wconf 77' lang='grc' dir='ltr'><strong>οιιιιιὶιιφιιι,Ι</strong></span> <span class='ocrx_word' id='word_1_488' title='bbox 1736 4636 1858 4689; x_wconf 80' lang='lat' dir='ltr'><strong>siliduru</strong></span> <span class='ocrx_word' id='word_1_489' title='bbox 1872 4636 2018 4691; x_wconf 77' lang='lat' dir='ltr'><strong>videbuntur</strong></span> <span class='ocrx_word' id='word_1_490' title='bbox 2035 4650 2169 4708; x_wconf 77' lang='lat' dir='ltr'><strong>expertas,</strong></span> <span class='ocrx_word' id='word_1_491' title='bbox 2203 4642 2206 4646; x_wconf 78' lang='grc'>’</span> <span class='ocrx_word' id='word_1_492' title='bbox 2286 4615 2291 4628; x_wconf 51' lang='grc'><strong>’</strong></span> 
     </span>
    </p>
   </div>
   <div class='ocr_carea' id='block_1_7' title="bbox 462 4725 2264 6267">
    <p class='ocr_par' dir='ltr' id='par_1_9' title="bbox 541 4725 2208 4994">
     <span class='ocr_line' id='line_1_38' title="bbox 541 4725 2208 4810; baseline -0.004 -19"><span class='ocrx_word' id='word_1_493' title='bbox 541 4738 669 4807; x_wconf 73' lang='lat' dir='ltr'><strong>adjutorio</strong></span> <span class='ocrx_word' id='word_1_494' title='bbox 682 4740 771 4810; x_wconf 83' lang='lat' dir='ltr'><strong>pratioe</strong></span> <span class='ocrx_word' id='word_1_495' title='bbox 794 4736 933 4808; x_wconf 84' lang='lat' dir='ltr'><strong>spiritualia</strong></span> <span class='ocrx_word' id='word_1_496' title='bbox 955 4734 1078 4789; x_wconf 71' lang='lat' dir='ltr'><strong>voluntari</strong></span> <span class='ocrx_word' id='word_1_497' title='bbox 1098 4746 1151 4785; x_wconf 83' lang='lat' dir='ltr'><strong>saoe</strong></span> <span class='ocrx_word' id='word_1_498' title='bbox 1172 4730 1248 4785; x_wconf 79' lang='lat' dir='ltr'><strong>sensit</strong></span> <span class='ocrx_word' id='word_1_499' title='bbox 1272 4736 1404 4798; x_wconf 81' lang='lat' dir='ltr'><strong>suppetere</strong></span> <span class='ocrx_word' id='word_1_500' title='bbox 1424 4726 1590 4798; x_wconf 62' lang='lat' dir='ltr'><strong>facultatem</strong></span> <span class='ocrx_word' id='word_1_501' title='bbox 1611 4725 1676 4779; x_wconf 80' lang='lat' dir='ltr'><strong>leoli</strong></span> <span class='ocrx_word' id='word_1_502' title='bbox 1699 4727 1833 4797; x_wconf 82' lang='lat' dir='ltr'><strong>Aupustirri</strong></span> <span class='ocrx_word' id='word_1_503' title='bbox 1856 4728 2001 4796; x_wconf 72' lang='lat' dir='ltr'><strong>exponentis</strong></span> <span class='ocrx_word' id='word_1_504' title='bbox 2015 4730 2169 4800; x_wconf 80' lang='lat' dir='ltr'><strong>tripesiurrrm</strong></span> <span class='ocrx_word' id='word_1_505' title='bbox 2203 4735 2208 4743; x_wconf 90' lang='lat'><strong><em>‘</em></strong></span> 
     </span>
     <span class='ocr_line' id='line_1_39' title="bbox 542 4816 2168 4902; baseline -0.009 -14"><span class='ocrx_word' id='word_1_506' title='bbox 542 4844 639 4888; x_wconf 77' lang='lat' dir='ltr'><strong>sertum</strong></span> <span class='ocrx_word' id='word_1_507' title='bbox 654 4834 783 4888; x_wconf 81' lang='lat' dir='ltr'><strong>l‘solruuur</strong></span> <span class='ocrx_word' id='word_1_508' title='bbox 796 4831 967 4902; x_wconf 85' lang='lat' dir='ltr'><strong>rlirpatutiorre</strong></span> <span class='ocrx_word' id='word_1_509' title='bbox 979 4827 1147 4882; x_wconf 82' lang='lat' dir='ltr'><strong>cornmenitus</strong></span> <span class='ocrx_word' id='word_1_510' title='bbox 1156 4833 1180 4879; x_wconf 87' lang='lat' dir='ltr'><strong>et</strong></span> <span class='ocrx_word' id='word_1_511' title='bbox 1189 4831 1369 4891; x_wconf 81' lang='lat' dir='ltr'><strong>comparutrrs,</strong></span> <span class='ocrx_word' id='word_1_512' title='bbox 1384 4819 1511 4888; x_wconf 82' lang='lat' dir='ltr'><strong>publicare</strong></span> <span class='ocrx_word' id='word_1_513' title='bbox 1521 4834 1595 4872; x_wconf 82' lang='lat' dir='ltr'><strong>sacru</strong></span> <span class='ocrx_word' id='word_1_514' title='bbox 1605 4818 1690 4870; x_wconf 83' lang='lat' dir='ltr'><strong>statuit</strong></span> <span class='ocrx_word' id='word_1_515' title='bbox 1705 4828 1786 4871; x_wconf 89' lang='lat' dir='ltr'><strong>rotruu</strong></span> <span class='ocrx_word' id='word_1_516' title='bbox 1801 4816 1846 4887; x_wconf 82' lang='lat' dir='ltr'><strong>(lu</strong></span> <span class='ocrx_word' id='word_1_517' title='bbox 1860 4818 1910 4871; x_wconf 84' lang='lat' dir='ltr'><strong>cita</strong></span> <span class='ocrx_word' id='word_1_518' title='bbox 1929 4816 1959 4874; x_wconf 85' lang='lat' dir='ltr'><strong>S.</strong></span> <span class='ocrx_word' id='word_1_519' title='bbox 1978 4818 2002 4871; x_wconf 86' lang='lat' dir='ltr'><em>F</em></span> <span class='ocrx_word' id='word_1_520' title='bbox 2003 4821 2055 4892; x_wconf 81' lang='lat' dir='ltr'><strong>alp.</strong></span> <span class='ocrx_word' id='word_1_521' title='bbox 2072 4838 2129 4893; x_wconf 85' lang='lat' dir='ltr'><strong>cop.</strong></span> <span class='ocrx_word' id='word_1_522' title='bbox 2141 4821 2168 4891; x_wconf 77' lang='grc'><strong>5)</strong></span> 
     </span>
     <span class='ocr_line' id='line_1_40' title="bbox 541 4920 1136 4994; baseline -0.02 -15"><span class='ocrx_word' id='word_1_523' title='bbox 541 4924 613 4994; x_wconf 91' lang='lat' dir='ltr'><strong>qood</strong></span> <span class='ocrx_word' id='word_1_524' title='bbox 626 4926 659 4978; x_wconf 91' lang='lat' dir='ltr'><strong>rle</strong></span> <span class='ocrx_word' id='word_1_525' title='bbox 676 4923 821 4978; x_wconf 90' lang='lat' dir='ltr'><strong>monastico</strong></span> <span class='ocrx_word' id='word_1_526' title='bbox 836 4920 955 4975; x_wconf 88' lang='lat' dir='ltr'><strong>instituto</strong></span> <span class='ocrx_word' id='word_1_527' title='bbox 969 4925 1136 4986; x_wconf 88' lang='lat' dir='ltr'><strong>conceperat.</strong></span> 
     </span>
    </p>

    <p class='ocr_par' dir='ltr' id='par_1_10' title="bbox 462 5000 2264 5903">
     <span class='ocr_line' id='line_1_41' title="bbox 579 5000 2170 5080; baseline -0.006 -7"><span class='ocrx_word' id='word_1_528' title='bbox 579 5020 631 5074; x_wconf 85' lang='lat' dir='ltr'><strong>llas</strong></span> <span class='ocrx_word' id='word_1_529' title='bbox 640 5027 728 5073; x_wconf 86' lang='lat' dir='ltr'><strong>srrtern</strong></span> <span class='ocrx_word' id='word_1_530' title='bbox 740 5014 823 5073; x_wconf 89' lang='lat' dir='ltr'><strong>sancti</strong></span> <span class='ocrx_word' id='word_1_531' title='bbox 836 5012 956 5068; x_wconf 80' lang='lat' dir='ltr'><strong>lloetoris</strong></span> <span class='ocrx_word' id='word_1_532' title='bbox 969 5011 995 5065; x_wconf 89' lang='lat' dir='ltr'><strong>iu</strong></span> <span class='ocrx_word' id='word_1_533' title='bbox 1008 5006 1173 5079; x_wconf 83' lang='lat' dir='ltr'><strong>exponendis</strong></span> <span class='ocrx_word' id='word_1_534' title='bbox 1185 5003 1329 5073; x_wconf 76' lang='lat' dir='ltr'><strong>scripturis</strong></span> <span class='ocrx_word' id='word_1_535' title='bbox 1338 5003 1414 5058; x_wconf 85' lang='lat' dir='ltr'><strong>dotes</strong></span> <span class='ocrx_word' id='word_1_536' title='bbox 1426 5002 1462 5056; x_wconf 87' lang='lat' dir='ltr'><strong>ita</strong></span> <span class='ocrx_word' id='word_1_537' title='bbox 1475 5014 1620 5070; x_wconf 79' lang='lat' dir='ltr'><strong>suspexere</strong></span> <span class='ocrx_word' id='word_1_538' title='bbox 1632 5016 1684 5055; x_wconf 91' lang='lat' dir='ltr'><strong>noo</strong></span> <span class='ocrx_word' id='word_1_539' title='bbox 1700 5000 1778 5056; x_wconf 85' lang='lat' dir='ltr'><strong>molo</strong></span> <span class='ocrx_word' id='word_1_540' title='bbox 1793 5004 1902 5071; x_wconf 83' lang='lat' dir='ltr'><strong>posteri,</strong></span> <span class='ocrx_word' id='word_1_541' title='bbox 1916 5007 2098 5063; x_wconf 84' lang='lat' dir='ltr'><strong>verumetiam</strong></span> <span class='ocrx_word' id='word_1_542' title='bbox 2109 5008 2170 5080; x_wconf 85' lang='lat' dir='ltr'><strong>ejus</strong></span> 
     </span>
     <span class='ocr_line' id='line_1_42' title="bbox 462 5091 2171 5181; baseline -0.005 -16"><span class='ocrx_word' id='word_1_543' title='bbox 462 5109 463 5113; x_wconf 75' lang='grc'>’</span> <span class='ocrx_word' id='word_1_544' title='bbox 542 5110 674 5181; x_wconf 79' lang='lat' dir='ltr'><strong>aquales,</strong></span> <span class='ocrx_word' id='word_1_545' title='bbox 690 5115 718 5162; x_wconf 93' lang='lat' dir='ltr'><strong>ut</strong></span> <span class='ocrx_word' id='word_1_546' title='bbox 732 5106 765 5161; x_wconf 90' lang='lat' dir='ltr'><strong>ad</strong></span> <span class='ocrx_word' id='word_1_547' title='bbox 781 5106 867 5177; x_wconf 90' lang='lat' dir='ltr'><strong>ipsum</strong></span> <span class='ocrx_word' id='word_1_548' title='bbox 880 5103 906 5159; x_wconf 93' lang='lat' dir='ltr'><strong>in</strong></span> <span class='ocrx_word' id='word_1_549' title='bbox 917 5100 1038 5158; x_wconf 86' lang='lat' dir='ltr'><strong>olrscrrris</strong></span> <span class='ocrx_word' id='word_1_550' title='bbox 1051 5114 1083 5154; x_wconf 91' lang='lat' dir='ltr'><strong>ac</strong></span> <span class='ocrx_word' id='word_1_551' title='bbox 1096 5098 1183 5154; x_wconf 88' lang='lat' dir='ltr'><strong>dolriis</strong></span> <span class='ocrx_word' id='word_1_552' title='bbox 1195 5096 1277 5161; x_wconf 83' lang='lat' dir='ltr'><strong>locis,</strong></span> <span class='ocrx_word' id='word_1_553' title='bbox 1295 5102 1418 5164; x_wconf 88' lang='lat' dir='ltr'><strong>tanquam</strong></span> <span class='ocrx_word' id='word_1_554' title='bbox 1431 5091 1463 5147; x_wconf 93' lang='lat' dir='ltr'><strong>ad</strong></span> <span class='ocrx_word' id='word_1_555' title='bbox 1478 5092 1587 5147; x_wconf 81' lang='lat' dir='ltr'><strong>caeleste</strong></span> <span class='ocrx_word' id='word_1_556' title='bbox 1600 5092 1754 5158; x_wconf 91' lang='lat' dir='ltr'><strong>oraculum,</strong></span> <span class='ocrx_word' id='word_1_557' title='bbox 1770 5094 1858 5150; x_wconf 89' lang='lat' dir='ltr'><strong>missis</strong></span> <span class='ocrx_word' id='word_1_558' title='bbox 1872 5095 1991 5165; x_wconf 90' lang='lat' dir='ltr'><strong>epistulis</strong></span> <span class='ocrx_word' id='word_1_559' title='bbox 2004 5098 2171 5172; x_wconf 74' lang='lat' dir='ltr'><strong>confugerint</strong></span> 
     </span>
     <span class='ocr_line' id='line_1_43' title="bbox 543 5186 2171 5271; baseline -0.005 -14"><span class='ocrx_word' id='word_1_560' title='bbox 543 5200 727 5271; x_wconf 84' lang='lat' dir='ltr'><strong>simplicianus</strong></span> <span class='ocrx_word' id='word_1_561' title='bbox 744 5194 963 5261; x_wconf 86' lang='lat' dir='ltr'><strong>llediolancnsis,</strong></span> <span class='ocrx_word' id='word_1_562' title='bbox 986 5192 1111 5249; x_wconf 80' lang='lat' dir='ltr'><strong>Paulinus</strong></span> <span class='ocrx_word' id='word_1_563' title='bbox 1124 5188 1263 5254; x_wconf 85' lang='lat' dir='ltr'><strong>Nolensis,</strong></span> <span class='ocrx_word' id='word_1_564' title='bbox 1278 5186 1394 5243; x_wconf 79' lang='lat' dir='ltr'><strong>Evodius</strong></span> <span class='ocrx_word' id='word_1_565' title='bbox 1412 5186 1549 5242; x_wconf 88' lang='lat' dir='ltr'><strong>Uzaleusis</strong></span> <span class='ocrx_word' id='word_1_566' title='bbox 1567 5186 1720 5242; x_wconf 86' lang='lat' dir='ltr'><strong>antistites:</strong></span> <span class='ocrx_word' id='word_1_567' title='bbox 1735 5188 1788 5244; x_wconf 88' lang='lat' dir='ltr'><strong>into</strong></span> <span class='ocrx_word' id='word_1_568' title='bbox 1800 5189 1832 5244; x_wconf 90' lang='lat' dir='ltr'><strong>ad</strong></span> <span class='ocrx_word' id='word_1_569' title='bbox 1846 5190 1968 5248; x_wconf 88' lang='lat' dir='ltr'><strong>eumdem</strong></span> <span class='ocrx_word' id='word_1_570' title='bbox 1983 5191 2094 5249; x_wconf 86' lang='lat' dir='ltr'><strong>Orosius</strong></span> <span class='ocrx_word' id='word_1_571' title='bbox 2109 5209 2171 5265; x_wconf 91' lang='lat' dir='ltr'><strong>pre·</strong></span> 
     </span>
     <span class='ocr_line' id='line_1_44' title="bbox 545 5276 2169 5364; baseline -0.004 -18"><span class='ocrx_word' id='word_1_572' title='bbox 545 5293 651 5364; x_wconf 79' lang='lat' dir='ltr'><strong>sbyter,</strong></span> <span class='ocrx_word' id='word_1_573' title='bbox 666 5290 700 5344; x_wconf 88' lang='lat' dir='ltr'><strong>alr</strong></span> <span class='ocrx_word' id='word_1_574' title='bbox 713 5290 803 5344; x_wconf 89' lang='lat' dir='ltr'><strong>ultima</strong></span> <span class='ocrx_word' id='word_1_575' title='bbox 817 5287 957 5358; x_wconf 83' lang='lat' dir='ltr'><strong>llisparria,</strong></span> <span class='ocrx_word' id='word_1_576' title='bbox 976 5284 1035 5340; x_wconf 90' lang='lat' dir='ltr'><strong>solo</strong></span> <span class='ocrx_word' id='word_1_577' title='bbox 1046 5290 1196 5338; x_wconf 89' lang='lat' dir='ltr'><strong>sanctarum</strong></span> <span class='ocrx_word' id='word_1_578' title='bbox 1208 5279 1402 5350; x_wconf 84' lang='lat' dir='ltr'><strong>scripturarum</strong></span> <span class='ocrx_word' id='word_1_579' title='bbox 1415 5277 1511 5334; x_wconf 88' lang='lat' dir='ltr'><strong>ardore</strong></span> <span class='ocrx_word' id='word_1_580' title='bbox 1529 5276 1704 5333; x_wconf 90' lang='lat' dir='ltr'><strong>iullamnratas</strong></span> <span class='ocrx_word' id='word_1_581' title='bbox 1719 5278 1855 5336; x_wconf 79' lang='lat' dir='ltr'><strong>advenerit</strong></span> <span class='ocrx_word' id='word_1_582' title='bbox 1868 5282 1990 5355; x_wconf 75' lang='lat' dir='ltr'><strong>(depost.</strong></span> <span class='ocrx_word' id='word_1_583' title='bbox 2006 5285 2080 5354; x_wconf 84' lang='lat' dir='ltr'><strong>epist.</strong></span> <span class='ocrx_word' id='word_1_584' title='bbox 2100 5286 2169 5354; x_wconf 85' lang='lat' dir='ltr'><strong>ttttt,</strong></span> 
     </span>
     <span class='ocr_line' id='line_1_45' title="bbox 544 5366 2169 5451; baseline -0.004 -16"><span class='ocrx_word' id='word_1_585' title='bbox 544 5398 571 5434; x_wconf 92' lang='grc' dir='ltr'><strong>ιι.</strong></span> <span class='ocrx_word' id='word_1_586' title='bbox 584 5378 638 5451; x_wconf 72' lang='lat' dir='ltr'><strong>ld).</strong></span> <span class='ocrx_word' id='word_1_587' title='bbox 659 5378 726 5433; x_wconf 91' lang='lat' dir='ltr'><strong>llirrc</strong></span> <span class='ocrx_word' id='word_1_588' title='bbox 740 5377 914 5447; x_wconf 76' lang='lat' dir='ltr'><strong>rtrrpustiuum</strong></span> <span class='ocrx_word' id='word_1_589' title='bbox 927 5373 1018 5431; x_wconf 77' lang='lat' dir='ltr'><strong>Audax</strong></span> <span class='ocrx_word' id='word_1_590' title='bbox 1031 5371 1173 5428; x_wconf 85' lang='lat' dir='ltr'><strong>Orsculunr</strong></span> <span class='ocrx_word' id='word_1_591' title='bbox 1186 5370 1251 5441; x_wconf 77' lang='lat' dir='ltr'><strong>lcqis</strong></span> <span class='ocrx_word' id='word_1_592' title='bbox 1263 5367 1378 5439; x_wconf 83' lang='lat' dir='ltr'><strong>appellat</strong></span> <span class='ocrx_word' id='word_1_593' title='bbox 1390 5366 1485 5438; x_wconf 82' lang='lat' dir='ltr'><strong>(Epist.</strong></span> <span class='ocrx_word' id='word_1_594' title='bbox 1499 5367 1563 5421; x_wconf 86' lang='lat' dir='ltr'><strong>inter</strong></span> <span class='ocrx_word' id='word_1_595' title='bbox 1575 5368 1680 5439; x_wconf 77' lang='lat' dir='ltr'><strong>depost.</strong></span> <span class='ocrx_word' id='word_1_596' title='bbox 1694 5366 1776 5439; x_wconf 76' lang='lat' dir='ltr'><strong>sod),</strong></span> <span class='ocrx_word' id='word_1_597' title='bbox 1791 5372 1936 5442; x_wconf 82' lang='lat' dir='ltr'><strong>asseritque</strong></span> <span class='ocrx_word' id='word_1_598' title='bbox 1949 5372 2106 5429; x_wconf 82' lang='lat' dir='ltr'><strong>Volusianus</strong></span> <span class='ocrx_word' id='word_1_599' title='bbox 2120 5376 2169 5445; x_wconf 80' lang='lat' dir='ltr'><strong>logi</strong></span> 
     </span>
     <span class='ocr_line' id='line_1_46' title="bbox 547 5458 2171 5539; baseline -0.002 -13"><span class='ocrx_word' id='word_1_600' title='bbox 547 5473 658 5536; x_wconf 84' lang='lat' dir='ltr'><strong>deesse,</strong></span> <span class='ocrx_word' id='word_1_601' title='bbox 683 5467 809 5539; x_wconf 88' lang='lat' dir='ltr'><strong>quidquid</strong></span> <span class='ocrx_word' id='word_1_602' title='bbox 827 5466 967 5535; x_wconf 73' lang='lat' dir='ltr'><strong>contigerit</strong></span> <span class='ocrx_word' id='word_1_603' title='bbox 978 5464 1012 5519; x_wconf 82' lang='lat' dir='ltr'><strong>alr</strong></span> <span class='ocrx_word' id='word_1_604' title='bbox 1030 5479 1064 5520; x_wconf 91' lang='lat' dir='ltr'><strong>eo</strong></span> <span class='ocrx_word' id='word_1_605' title='bbox 1085 5463 1199 5534; x_wconf 79' lang='lat' dir='ltr'><strong>ignorari</strong></span> <span class='ocrx_word' id='word_1_606' title='bbox 1220 5459 1299 5532; x_wconf 79' lang='lat' dir='ltr'><strong>(lota.</strong></span> <span class='ocrx_word' id='word_1_607' title='bbox 1315 5459 1376 5525; x_wconf 70' lang='lat' dir='ltr'><strong>too,</strong></span> <span class='ocrx_word' id='word_1_608' title='bbox 1391 5476 1419 5513; x_wconf 91' lang='grc' dir='ltr'><strong>ιι.</strong></span> <span class='ocrx_word' id='word_1_609' title='bbox 1436 5458 1476 5529; x_wconf 75' lang='lat'><strong>2).</strong></span> <span class='ocrx_word' id='word_1_610' title='bbox 1491 5459 1543 5514; x_wconf 78' lang='lat' dir='ltr'><strong>Seri</strong></span> <span class='ocrx_word' id='word_1_611' title='bbox 1566 5460 1630 5514; x_wconf 88' lang='lat' dir='ltr'><strong>illud</strong></span> <span class='ocrx_word' id='word_1_612' title='bbox 1644 5458 1671 5515; x_wconf 89' lang='lat' dir='ltr'><strong>in</strong></span> <span class='ocrx_word' id='word_1_613' title='bbox 1691 5462 1782 5531; x_wconf 89' lang='lat' dir='ltr'><strong>primis</strong></span> <span class='ocrx_word' id='word_1_614' title='bbox 1796 5464 2028 5522; x_wconf 87' lang='lat' dir='ltr'><strong>commendatione</strong></span> <span class='ocrx_word' id='word_1_615' title='bbox 2042 5467 2171 5538; x_wconf 81' lang='lat' dir='ltr'><strong>dignum,</strong></span> 
     </span>
     <span class='ocr_line' id='line_1_47' title="bbox 544 5542 2264 5635; baseline -0.004 -17"><span class='ocrx_word' id='word_1_616' title='bbox 544 5564 613 5635; x_wconf 89' lang='lat' dir='ltr'><strong>qnod</strong></span> <span class='ocrx_word' id='word_1_617' title='bbox 636 5577 689 5617; x_wconf 88' lang='lat' dir='ltr'><strong>rron</strong></span> <span class='ocrx_word' id='word_1_618' title='bbox 702 5571 802 5615; x_wconf 89' lang='lat' dir='ltr'><strong>tanturn</strong></span> <span class='ocrx_word' id='word_1_619' title='bbox 817 5560 910 5630; x_wconf 82' lang='lat' dir='ltr'><strong>privati</strong></span> <span class='ocrx_word' id='word_1_620' title='bbox 931 5556 1078 5614; x_wconf 88' lang='lat' dir='ltr'><strong>doctissimi</strong></span> <span class='ocrx_word' id='word_1_621' title='bbox 1102 5555 1199 5625; x_wconf 88' lang='lat' dir='ltr'><strong>quique</strong></span> <span class='ocrx_word' id='word_1_622' title='bbox 1222 5552 1364 5617; x_wconf 89' lang='lat' dir='ltr'><strong>lromioes,</strong></span> <span class='ocrx_word' id='word_1_623' title='bbox 1388 5550 1436 5607; x_wconf 88' lang='lat' dir='ltr'><strong>scd</strong></span> <span class='ocrx_word' id='word_1_624' title='bbox 1459 5551 1513 5614; x_wconf 89' lang='lat' dir='ltr'><strong>ipsa</strong></span> <span class='ocrx_word' id='word_1_625' title='bbox 1529 5551 1660 5617; x_wconf 85' lang='lat' dir='ltr'><strong>Concilia,</strong></span> <span class='ocrx_word' id='word_1_626' title='bbox 1676 5552 1779 5607; x_wconf 89' lang='lat' dir='ltr'><strong>scilicet</strong></span> <span class='ocrx_word' id='word_1_627' title='bbox 1799 5553 1928 5610; x_wconf 79' lang='lat' dir='ltr'><strong>Numidia</strong></span> <span class='ocrx_word' id='word_1_628' title='bbox 1947 5566 1974 5612; x_wconf 92' lang='lat' dir='ltr'><strong>et</strong></span> <span class='ocrx_word' id='word_1_629' title='bbox 1988 5557 2169 5629; x_wconf 76' lang='lat' dir='ltr'><strong>Carrtropiots,</strong></span> <span class='ocrx_word' id='word_1_630' title='bbox 2250 5542 2264 5563; x_wconf 77' lang='grc'><strong><em>’</em></strong></span> 
     </span>
     <span class='ocr_line' id='line_1_48' title="bbox 544 5643 2170 5721; baseline -0.004 -11"><span class='ocrx_word' id='word_1_631' title='bbox 544 5655 711 5710; x_wconf 86' lang='lat' dir='ltr'><strong>sanctissimo</strong></span> <span class='ocrx_word' id='word_1_632' title='bbox 725 5653 848 5718; x_wconf 83' lang='lat' dir='ltr'><strong>Doctori,</strong></span> <span class='ocrx_word' id='word_1_633' title='bbox 864 5661 988 5721; x_wconf 87' lang='lat' dir='ltr'><strong>tauquam</strong></span> <span class='ocrx_word' id='word_1_634' title='bbox 1003 5647 1131 5705; x_wconf 88' lang='lat' dir='ltr'><strong>canonico</strong></span> <span class='ocrx_word' id='word_1_635' title='bbox 1143 5647 1278 5716; x_wconf 87' lang='lat' dir='ltr'><strong>interpreti</strong></span> <span class='ocrx_word' id='word_1_636' title='bbox 1291 5686 1298 5707; x_wconf 90' lang='lat'><strong>,</strong></span> <span class='ocrx_word' id='word_1_637' title='bbox 1311 5655 1403 5699; x_wconf 88' lang='lat' dir='ltr'><strong>sacras</strong></span> <span class='ocrx_word' id='word_1_638' title='bbox 1417 5643 1568 5713; x_wconf 80' lang='lat' dir='ltr'><strong>Scripturas</strong></span> <span class='ocrx_word' id='word_1_639' title='bbox 1580 5645 1729 5715; x_wconf 85' lang='lat' dir='ltr'><strong>exponendi</strong></span> <span class='ocrx_word' id='word_1_640' title='bbox 1740 5661 1830 5707; x_wconf 87' lang='lat' dir='ltr'><strong>coram</strong></span> <span class='ocrx_word' id='word_1_641' title='bbox 1845 5656 1871 5701; x_wconf 90' lang='lat' dir='ltr'><strong>et</strong></span> <span class='ocrx_word' id='word_1_642' title='bbox 1884 5648 2044 5717; x_wconf 83' lang='lat' dir='ltr'><strong>pror-inciam</strong></span> <span class='ocrx_word' id='word_1_643' title='bbox 2056 5651 2170 5705; x_wconf 82' lang='lat' dir='ltr'><strong>comrrri·</strong></span> 
     </span>
     <span class='ocr_line' id='line_1_49' title="bbox 546 5733 2171 5816; baseline -0.002 -17"><span class='ocrx_word' id='word_1_644' title='bbox 546 5745 628 5799; x_wconf 86' lang='lat' dir='ltr'><strong>serint</strong></span> <span class='ocrx_word' id='word_1_645' title='bbox 640 5743 735 5816; x_wconf 82' lang='lat' dir='ltr'><strong>(Epist.</strong></span> <span class='ocrx_word' id='word_1_646' title='bbox 749 5743 819 5809; x_wconf 68' lang='lat' dir='ltr'><strong>dia,</strong></span> <span class='ocrx_word' id='word_1_647' title='bbox 834 5760 861 5797; x_wconf 92' lang='grc' dir='ltr'><strong>ιι.</strong></span> <span class='ocrx_word' id='word_1_648' title='bbox 876 5741 915 5813; x_wconf 79' lang='lat' dir='ltr'><strong>tl,</strong></span> <span class='ocrx_word' id='word_1_649' title='bbox 930 5748 960 5796; x_wconf 94' lang='lat' dir='ltr'><strong>ut</strong></span> <span class='ocrx_word' id='word_1_650' title='bbox 981 5739 1051 5809; x_wconf 89' lang='lat' dir='ltr'><strong>qnod</strong></span> <span class='ocrx_word' id='word_1_651' title='bbox 1072 5738 1126 5809; x_wconf 78' lang='lat' dir='ltr'><strong>ism</strong></span> <span class='ocrx_word' id='word_1_652' title='bbox 1148 5735 1235 5792; x_wconf 86' lang='lat' dir='ltr'><strong>divina</strong></span> <span class='ocrx_word' id='word_1_653' title='bbox 1248 5734 1412 5805; x_wconf 82' lang='lat' dir='ltr'><strong>prouidentia</strong></span> <span class='ocrx_word' id='word_1_654' title='bbox 1428 5733 1477 5804; x_wconf 74' lang='lat' dir='ltr'><strong>ipsi</strong></span> <span class='ocrx_word' id='word_1_655' title='bbox 1492 5733 1620 5790; x_wconf 87' lang='lat' dir='ltr'><strong>creditum</strong></span> <span class='ocrx_word' id='word_1_656' title='bbox 1635 5733 1735 5803; x_wconf 85' lang='lat' dir='ltr'><strong>luerat,</strong></span> <span class='ocrx_word' id='word_1_657' title='bbox 1752 5740 1831 5792; x_wconf 88' lang='lat' dir='ltr'><strong>etlam</strong></span> <span class='ocrx_word' id='word_1_658' title='bbox 1850 5737 2011 5809; x_wconf 77' lang='lat' dir='ltr'><strong>suffragante</strong></span> <span class='ocrx_word' id='word_1_659' title='bbox 2024 5753 2056 5793; x_wconf 90' lang='lat' dir='ltr'><strong>ac</strong></span> <span class='ocrx_word' id='word_1_660' title='bbox 2077 5748 2171 5809; x_wconf 88' lang='lat' dir='ltr'><strong>postu·</strong></span> 
     </span>
     <span class='ocr_line' id='line_1_50' title="bbox 548 5834 1665 5903; baseline -0.01 -15"><span class='ocrx_word' id='word_1_661' title='bbox 548 5835 617 5889; x_wconf 81' lang='lat' dir='ltr'><strong>laute</strong></span> <span class='ocrx_word' id='word_1_662' title='bbox 629 5834 745 5889; x_wconf 79' lang='lat' dir='ltr'><strong>Ecclesia</strong></span> <span class='ocrx_word' id='word_1_663' title='bbox 758 5841 955 5903; x_wconf 86' lang='lat' dir='ltr'><strong>exsequeretur.</strong></span> <span class='ocrx_word' id='word_1_664' title='bbox 1215 5843 1217 5847; x_wconf 90' lang='lat'>·</span> <span class='ocrx_word' id='word_1_665' title='bbox 1656 5835 1665 5854; x_wconf 79' lang='lat'><em>⁴</em></span> 
     </span>
    </p>

    <p class='ocr_par' dir='ltr' id='par_1_11' title="bbox 546 5915 2170 6267">
     <span class='ocr_line' id='line_1_51' title="bbox 583 5915 2170 5990; baseline -0.004 -10"><span class='ocrx_word' id='word_1_666' title='bbox 583 5926 623 5980; x_wconf 88' lang='lat' dir='ltr'><strong>lld</strong></span> <span class='ocrx_word' id='word_1_667' title='bbox 637 5940 695 5979; x_wconf 83' lang='lat' dir='ltr'><strong>eam</strong></span> <span class='ocrx_word' id='word_1_668' title='bbox 709 5940 771 5979; x_wconf 82' lang='lat' dir='ltr'><strong>roro</strong></span> <span class='ocrx_word' id='word_1_669' title='bbox 785 5940 921 5979; x_wconf 89' lang='lat' dir='ltr'><strong>sacrorum</strong></span> <span class='ocrx_word' id='word_1_670' title='bbox 942 5922 1079 5977; x_wconf 86' lang='lat' dir='ltr'><strong>Librorum</strong></span> <span class='ocrx_word' id='word_1_671' title='bbox 1102 5918 1300 5990; x_wconf 76' lang='lat' dir='ltr'><strong>intelligentiam</strong></span> <span class='ocrx_word' id='word_1_672' title='bbox 1316 5924 1474 5987; x_wconf 85' lang='lat' dir='ltr'><strong>pervenerat</strong></span> <span class='ocrx_word' id='word_1_673' title='bbox 1489 5915 1533 5970; x_wconf 84' lang='lat' dir='ltr'><strong>l&#39;ir</strong></span> <span class='ocrx_word' id='word_1_674' title='bbox 1547 5916 1730 5972; x_wconf 88' lang='lat' dir='ltr'><strong>sanctissimus</strong></span> <span class='ocrx_word' id='word_1_675' title='bbox 1749 5918 1878 5988; x_wconf 86' lang='lat' dir='ltr'><strong>imprimis</strong></span> <span class='ocrx_word' id='word_1_676' title='bbox 1892 5920 1951 5973; x_wconf 79' lang='lat' dir='ltr'><strong>uitae</strong></span> <span class='ocrx_word' id='word_1_677' title='bbox 1971 5919 2118 5986; x_wconf 80' lang='lat' dir='ltr'><strong>iotcgritatc</strong></span> <span class='ocrx_word' id='word_1_678' title='bbox 2138 5934 2170 5982; x_wconf 87' lang='lat' dir='ltr'><strong>ac</strong></span> 
     </span>
     <span class='ocr_line' id='line_1_52' title="bbox 548 6008 2169 6091; baseline -0.005 -19"><span class='ocrx_word' id='word_1_679' title='bbox 548 6019 671 6091; x_wconf 85' lang='lat' dir='ltr'><strong>puritate.</strong></span> <span class='ocrx_word' id='word_1_680' title='bbox 686 6014 761 6070; x_wconf 85' lang='lat' dir='ltr'><strong>Unde</strong></span> <span class='ocrx_word' id='word_1_681' title='bbox 774 6016 899 6070; x_wconf 79' lang='lat' dir='ltr'><strong>Paulinus</strong></span> <span class='ocrx_word' id='word_1_682' title='bbox 908 6015 941 6069; x_wconf 89' lang='lat' dir='ltr'><strong>ad</strong></span> <span class='ocrx_word' id='word_1_683' title='bbox 953 6015 1038 6083; x_wconf 87' lang='lat' dir='ltr'><strong>ipsum</strong></span> <span class='ocrx_word' id='word_1_684' title='bbox 1055 6030 1061 6066; x_wconf 93' lang='lat'>:</span> <span class='ocrx_word' id='word_1_685' title='bbox 1078 6010 1171 6065; x_wconf 84' lang='lat' dir='ltr'><strong>Lucere</strong></span> <span class='ocrx_word' id='word_1_686' title='bbox 1181 6026 1231 6065; x_wconf 87' lang='grc' dir='ltr'>ιιοιι</span> <span class='ocrx_word' id='word_1_687' title='bbox 1241 6009 1327 6063; x_wconf 75' lang='lat' dir='ltr'><strong>dubito</strong></span> <span class='ocrx_word' id='word_1_688' title='bbox 1340 6018 1436 6063; x_wconf 80' lang='lat' dir='ltr'><strong>sancte</strong></span> <span class='ocrx_word' id='word_1_689' title='bbox 1446 6009 1538 6062; x_wconf 80' lang='lat' dir='ltr'><strong>onlrntc</strong></span> <span class='ocrx_word' id='word_1_690' title='bbox 1552 6019 1610 6071; x_wconf 83' lang='lat' dir='ltr'><strong>tute,</strong></span> <span class='ocrx_word' id='word_1_691' title='bbox 1627 6024 1682 6077; x_wconf 81' lang='lat' dir='ltr'><strong>qaoe</strong></span> <span class='ocrx_word' id='word_1_692' title='bbox 1695 6008 1726 6063; x_wconf 82' lang='lat' dir='ltr'><strong>dc</strong></span> <span class='ocrx_word' id='word_1_693' title='bbox 1738 6010 1863 6063; x_wconf 86' lang='lat' dir='ltr'><strong>interioris</strong></span> <span class='ocrx_word' id='word_1_694' title='bbox 1879 6011 1945 6063; x_wconf 82' lang='lat' dir='ltr'><strong>ocrtli</strong></span> <span class='ocrx_word' id='word_1_695' title='bbox 1958 6009 2065 6081; x_wconf 80' lang='lat' dir='ltr'><strong>puritate</strong></span> <span class='ocrx_word' id='word_1_696' title='bbox 2079 6012 2169 6064; x_wconf 85' lang='lat' dir='ltr'><strong>rnerait</strong></span> 
     </span>
     <span class='ocr_line' id='line_1_53' title="bbox 546 6097 2167 6174; baseline -0.004 -10"><span class='ocrx_word' id='word_1_697' title='bbox 546 6109 753 6164; x_wconf 79' lang='lat' dir='ltr'><strong>dtoroooaooeor</strong></span> <span class='ocrx_word' id='word_1_698' title='bbox 774 6103 885 6174; x_wconf 77' lang='lat' dir='ltr'><strong>Spiritus</strong></span> <span class='ocrx_word' id='word_1_699' title='bbox 900 6104 997 6168; x_wconf 86' lang='lat' dir='ltr'><strong>sancti,</strong></span> <span class='ocrx_word' id='word_1_700' title='bbox 1022 6117 1150 6173; x_wconf 86' lang='lat' dir='ltr'><strong>perquem</strong></span> <span class='ocrx_word' id='word_1_701' title='bbox 1166 6097 1274 6156; x_wconf 77' lang='lat' dir='ltr'><strong>matari</strong></span> <span class='ocrx_word' id='word_1_702' title='bbox 1294 6108 1317 6153; x_wconf 86' lang='lat' dir='ltr'><strong>st</strong></span> <span class='ocrx_word' id='word_1_703' title='bbox 1331 6099 1453 6171; x_wconf 80' lang='lat' dir='ltr'><strong>inspicere</strong></span> <span class='ocrx_word' id='word_1_704' title='bbox 1473 6098 1551 6171; x_wconf 88' lang='lat' dir='ltr'><strong>possit</strong></span> <span class='ocrx_word' id='word_1_705' title='bbox 1570 6097 1622 6154; x_wconf 84' lang='lat' dir='ltr'><strong>alto</strong></span> <span class='ocrx_word' id='word_1_706' title='bbox 1644 6097 1701 6153; x_wconf 76' lang='lat' dir='ltr'><strong>aet.</strong></span> <span class='ocrx_word' id='word_1_707' title='bbox 1716 6098 1811 6173; x_wconf 77' lang='lat' dir='ltr'><strong>(Epist.</strong></span> <span class='ocrx_word' id='word_1_708' title='bbox 1836 6101 1900 6153; x_wconf 79' lang='lat' dir='ltr'><strong>iuter</strong></span> <span class='ocrx_word' id='word_1_709' title='bbox 1911 6098 1976 6167; x_wconf 75' lang='lat' dir='ltr'><strong>aq.</strong></span> <span class='ocrx_word' id='word_1_710' title='bbox 1994 6098 2054 6166; x_wconf 76' lang='lat' dir='ltr'><strong>tat,</strong></span> <span class='ocrx_word' id='word_1_711' title='bbox 2070 6116 2096 6153; x_wconf 90' lang='grc' dir='ltr'><strong>ιι.</strong></span> <span class='ocrx_word' id='word_1_712' title='bbox 2114 6100 2167 6172; x_wconf 82' lang='lat' dir='ltr'><strong>tttt.</strong></span> 
     </span>
     <span class='ocr_line' id='line_1_54' title="bbox 548 6189 2165 6267; baseline -0.004 -10"><span class='ocrx_word' id='word_1_713' title='bbox 548 6198 646 6257; x_wconf 78' lang='lat' dir='ltr'><strong>ticiodc</strong></span> <span class='ocrx_word' id='word_1_714' title='bbox 664 6211 723 6267; x_wconf 80' lang='lat' dir='ltr'><strong>quac</strong></span> <span class='ocrx_word' id='word_1_715' title='bbox 745 6196 826 6264; x_wconf 84' lang='lat' dir='ltr'><strong>ipsius</strong></span> <span class='ocrx_word' id='word_1_716' title='bbox 838 6205 895 6250; x_wconf 89' lang='lat' dir='ltr'><strong>emt</strong></span> <span class='ocrx_word' id='word_1_717' title='bbox 917 6199 944 6248; x_wconf 89' lang='lat' dir='ltr'><strong>in</strong></span> <span class='ocrx_word' id='word_1_718' title='bbox 964 6208 1066 6249; x_wconf 90' lang='lat' dir='ltr'><strong>sacram</strong></span> <span class='ocrx_word' id='word_1_719' title='bbox 1078 6191 1239 6263; x_wconf 80' lang='lat' dir='ltr'><strong>scripturam</strong></span> <span class='ocrx_word' id='word_1_720' title='bbox 1254 6189 1346 6262; x_wconf 73' lang='lat' dir='ltr'><strong>religio</strong></span> <span class='ocrx_word' id='word_1_721' title='bbox 1360 6199 1386 6248; x_wconf 87' lang='lat' dir='ltr'><strong>ct</strong></span> <span class='ocrx_word' id='word_1_722' title='bbox 1400 6192 1562 6260; x_wconf 46' lang='lat' dir='ltr'><strong>reicerentia,</strong></span> <span class='ocrx_word' id='word_1_723' title='bbox 1585 6198 1685 6247; x_wconf 90' lang='lat' dir='ltr'><strong>tautum</strong></span> <span class='ocrx_word' id='word_1_724' title='bbox 1702 6192 1759 6247; x_wconf 78' lang='lat' dir='ltr'><strong>eius</strong></span> <span class='ocrx_word' id='word_1_725' title='bbox 1778 6190 1866 6246; x_wconf 77' lang='lat' dir='ltr'><strong>rotroo</strong></span> <span class='ocrx_word' id='word_1_726' title='bbox 1884 6189 2061 6246; x_wconf 83' lang='lat' dir='ltr'><strong>venerationis</strong></span> <span class='ocrx_word' id='word_1_727' title='bbox 2075 6191 2165 6251; x_wconf 81' lang='lat' dir='ltr'><strong>incras-</strong></span> 
     </span>
    </p>
   </div>
   <div class='ocr_carea' id='block_1_8' title="bbox 684 6279 2026 6356">
    <p class='ocr_par' dir='ltr' id='par_1_12' title="bbox 684 6279 2026 6356">
     <span class='ocr_line' id='line_1_55' title="bbox 684 6279 2026 6356; baseline -0.007 -4"><span class='ocrx_word' id='word_1_728' title='bbox 684 6288 797 6352; x_wconf 83' lang='lat' dir='ltr'><strong>Ssacr.</strong></span> <span class='ocrx_word' id='word_1_729' title='bbox 816 6289 953 6348; x_wconf 75' lang='lat' dir='ltr'><strong>occasa.</strong></span> <span class='ocrx_word' id='word_1_730' title='bbox 975 6285 1029 6348; x_wconf 92' lang='lat' dir='ltr'><strong>lll.</strong></span> <span class='ocrx_word' id='word_1_731' title='bbox 1204 6279 1211 6297; x_wconf 66' lang='lat'>⁸</span> <span class='ocrx_word' id='word_1_732' title='bbox 1643 6284 1656 6304; x_wconf 85' lang='lat'><strong>&#39;·</strong></span> <span class='ocrx_word' id='word_1_733' title='bbox 1911 6280 2026 6356; x_wconf 78' lang='lat' dir='ltr'><strong>(Uos.)</strong></span> 
     </span>
    </p>
   </div>
   <div class='ocr_carea' id='block_1_9' title="bbox 0 0 2860 7526">
    <p class='ocr_par' dir='ltr' id='par_1_13' title="bbox 0 0 2860 7526">
     <span class='ocr_line' id='line_1_56' title="bbox 0 0 2860 7526; baseline 0 0"><span class='ocrx_word' id='word_1_734' title='bbox 0 0 2860 7526; x_wconf 95' lang='lat' dir='ltr'><strong> </strong></span> 
     </span>
    </p>
   </div>
  </div>
 </body>
</html>
