5709 7534
511 835 563 894 875
1213 826 1314 883 LIBER
1333 825 1433 885 UNUS.
2090 831 2143 893 m

509 947 565 1003 mul
580 945 713 1017 baptizata
727 951 765 1001 tat
779 942 861 997 millia
877 938 1046 1007 verbositas,
1061 939 1130 996 inter
1145 947 1298 1010 peccatores
1352 946 1506 1006 carnutum,
1530 953 1578 1011 pcr
1592 941 1662 1012 quod
1684 940 1752 998 lacta
1773 952 1835 1001 suut
1853 942 1942 1004 cutum
1954 943 2050 1018 (ioan.
2065 965 2085 1015 r,
2100 949 2141 1022 5),

509 1051 635 1111 uunquam
659 1035 816 1093 intenebris
837 1032 973 1104 lulpentia.
988 1030 1165 1085 buudmerrmt
1184 1045 1224 1084 me
1240 1046 1300 1085 uoce
1353 1028 1520 1101 Etiamnum
1528 1047 1584 1086 eum
1592 1034 1697 1103 posuisti
1706 1051 1782 1106 super
1791 1038 1994 1111 terrnmillagis
2002 1039 2053 1096 iste
2061 1038 2143 1100 lrornu

507 1145 601 1201 meque
613 1145 698 1183 earnes
713 1127 801 1198 Anqeli
814 1125 861 1178 ιιιι
873 1140 882 1178 .·
895 1122 1078 1194 Et'anqelistac.
1090 1118 1208 1175 Conclusi
1220 1121 1299 1191 portis
1353 1120 1471 1177 famosus
1483 1122 1584 1193 positus
1594 1140 1674 1197 super
1688 1137 1798 1194 terram,
1812 1130 1857 1200 qui
1871 1140 1946 1188 sexta
1960 1141 2037 1189 aetate
2050 1135 2142 1192 saculi

509 1236 579 1275 arms
594 1235 604 1275 .·
618 1220 731 1291 populos
752 1216 928 1272 amaricantes
946 1227 1038 1269 amore
1050 1219 1226 1268 terrenorum.
1246 1210 1299 1268 Sed
1353 1210 1438 1267 melus
1449 1221 1505 1280 est,
1527 1230 1606 1286 quam
1619 1215 1664 1272 illo
1677 1218 1722 1287 qui
1736 1229 1809 1276 serta
1822 1221 1880 1291 dic,
1896 1208 2142 1297 antequam'essem

508 1326 593 1382 quare
609 1308 709 1381 pertis?
722 1309 765 1363 bu
779 1305 847 1362 lortc
859 1314 889 1360 ut
902 1320 954 1362 nou
968 1304 1053 1360 solum
1067 1301 1175 1357 modum
1190 1300 1300 1359 baberet
1352 1302 1443 1357 caeteri
1465 1302 1602 1371 ltomincs,
1627 1321 1674 1377 per
1685 1324 1752 1379 quos
1765 1310 1945 1371 diffamaretur
1959 1334 1965 1371 :
1981 1318 2033 1374 nisi
2053 1318 2139 1388 iorle,

507 1399 651 1457 exercendi
662 1398 748 1469 justos
762 1395 1001 1468 persecutionibus,
1016 1391 1063 1449 scd
1076 1392 1155 1448 etiam
1168 1402 1197 1447 ιιι
1208 1392 1300 1448 liceret
1352 1393 1413 1464 quia
1428 1410 1497 1450 nunc
1509 1396 1545 1451 ita
1560 1396 1683 1453 innotuit.
1697 1398 1731 1456 Et
1750 1401 1874 1458 abstulisti
1886 1407 1917 1460 ui
1935 1408 2019 1480 impiis
2038 1410 2141 1472 luceant

506 1492 587 1563 iustis
600 1490 663 1547 inde
672 1487 783 1561 egredi?
797 1486 860 1542 Cum
874 1490 989 1559 premeret
999 1500 1031 1540 es
1044 1492 1114 1537 utero
1127 1483 1214 1548 aratris
1228 1497 1298 1556 sne,

507 1585 594 1638 solem
608 1582 724 1655 propredi
738 1596 749 1636 .·
769 1595 829 1635 cum
843 1578 1002 1634 irasceretur
1015 1577 1042 1632 in
1056 1575 1168 1633 canobio
1184 1574 1299 1646 babylo-

508 1676 560 1729 niae
574 1673 707 1740 ciuitatis,
722 1669 876 1727 fornicantis
888 1684 979 1725 amore
994 1668 1072 1739 buius
1085 1668 1193 1736 saeculi,
1208 1667 1300 1722 rolens

507 1757 653 1821 extendere
675 1761 872 1833 persecutiones
892 1775 954 1815 suas
967 1759 1000 1815 ad
1012 1757 1163 1829 perdendos
1180 1756 1214 1812 de
1229 1765 1300 1814 terra

500 1863 556 1923 'eos
568 1854 602 1910 de
614 1854 708 1926 quibus
719 1853 818 1908 dictum
828 1859 879 1916 est,
898 1849 956 1904 Non
969 1859 1026 1921 peto
1037 1859 1064 1904 ul
1074 1849 1148 1905 tellus
1158 1865 1198 1903 ros
1210 1849 1241 1904 de
1252 1864 1300 1903 ιι-

508 1947 576 2014 culo,
590 1945 634 2000 sed
647 1954 673 1999 ul
687 1943 763 1999 tolles
777 1959 818 1999 eos
831 1942 922 1996 carulo
931 1939 961 2013 (1
962 1958 1020 1995 oon.
1035 1955 1100 2008 xtrt,
1113 1940 1169 2012 ιδ).
1184 1939 1299 1995 Circum·

508 2039 583 2112 posui
595 2038 636 2094 illi
649 2037 738 2093 aulem
752 2036 943 2109 operimentum.
958 2034 1016 2090 Non
1029 2033 1099 2089 enim
1111 2032 1173 2088 boni
1187 2041 1298 2101 lantum,

509 2132 558 2188 sed
577 2132 658 2188 ctiam
672 2131 733 2186 mali
746 2129 821 2185 multi
834 2136 1020 2201 amatoresque
1033 2125 1112 2197 hujus
1131 2125 1237 2192 seculi,
1250 2124 1300 2180 Sa·

509 2230 649 2276 eramento
664 2220 784 2289 corporis
794 2216 891 2273 Cbristi
902 2216 1013 2287 subjecti
1028 2224 1090 2272 sunt
1102 2233 1109 2269 :
1121 2214 1196 2285 eujus
1210 2224 1301 2271 aucto-

508 2312 588 2370 ritate
601 2327 618 2367 a
632 2319 783 2366 sauctorum
798 2308 982 2380 persecutione
996 2306 1187 2377 reprimuntur.
1206 2304 1241 2359 Et
1255 2322 1299 2361 ae·

509 2401 571 2457 isle
591 2401 689 2457 ebroini
709 2399 774 2455 illud
796 2397 984 2470 elaboranda,
1009 2411 1062 2467 qua
1085 2404 1216 2451 terrenam
1238 2393 1300 2453 inde

509 2501 666 2563 exspectant
681 2490 849 2557 felicitatem,
873 2496 1058 2559 terrenamque
1072 2484 1253 2541 infelicitatem
1269 2484 1301 2539 ti·

508 2590 602 2647 menl;
617 2589 644 2636 ct
662 2589 801 2651 propterea
814 2578 907 2633 timent
920 2591 1004 2647 quos,
1024 2575 1074 2630 nisi
1089 2574 1124 2631 ita
1137 2582 1225 2640 esset,
1241 2590 1301 2645 per·

508 2678 697 2742 sequerentur.
711 2669 768 2724 Non
779 2667 850 2724 enim
860 2666 947 2722 solum
960 2665 1060 2721 dictum
1077 2674 1128 2730 est,
1140 2662 1223 2718 iidem
1233 2681 1300 2737 pau·

509 2778 583 2834 peres
606 2769 631 2817 el
656 2759 853 2827 tuturuiuatur,
881 2764 906 2811 et
933 2754 1071 2811 laudabunt
1096 2753 1233 2809 Dentinum
1257 2755 1300 2826 qui

508 2851 641 2923 reqrriruat
650 2864 724 2916 enarr
737 2847 785 2905 scd
798 2848 878 2903 etiam
888 2845 987 2902 dictum
1001 2853 1056 2912 est,
1072 2842 1298 2912 Munduroeemnt,

484 2941 487 2948 '
508 2954 536 3000 et
545 2943 712 2999 adorauerunt
721 2956 808 2996 ornnes
821 2938 908 2993 diuites
923 2947 996 2993 terroe
1007 2931 1093 3009 (Petri.
1107 2952 1167 3003 ιιι,
1183 2935 1229 3004 at,
1240 2936 1298 3009 30).

509 3033 545 3090 Et
558 3034 632 3106 posui
644 3032 682 3088 illi
692 3031 825 3096 terracinus,
835 3028 965 3100 imponens
974 3026 1084 3081 elaustro
1098 3034 1121 3081 el
1133 3034 1219 3098 portas
1230 3041 1239 3080 .·
1252 3035 1300 3080 ter·

508 3126 593 3180 minoe
602 3123 699 3198 quibus
713 3119 814 3178 saevitia
826 3118 991 3186 cohibeatur,
1006 3133 1058 3174 noa
1073 3128 1101 3173 ut
1111 3115 1176 3173 nibil
1189 3116 1298 3189 affligat,

509 3214 559 3273 scd
572 3229 626 3287 quo
638 3229 721 3286 usqne
733 3219 873 3282 exerccal;
886 3208 1013 3288 claustro,
1027 3217 1056 3264 ut
1070 3207 1160 3280 injusti
1171 3223 1224 3263 nott
1239 3224 1301 3280 pro·¹

509 3305 683 3380 grediautun
701 3313 804 3377 portes,
827 3309 857 3357 ut
870 3301 904 3356 ab
923 3300 963 3356 eis
979 3297 1044 3371 justi
1062 3297 1242 3371 egrediantur.
1266 3296 1301 3352 Ει

509 3395 577 3467 alisi,
589 3393 648 3451 liae
660 3410 739 3468 usque
752 3393 845 3462 uenies,
858 3399 941 3447 etaorr
954 3388 1080 3473 transibis.
1092 3388 1232 3461 sicutipse
1244 3388 1302 3445 dia-

509 3485 589 3545 bolus
603 3485 712 3543 modum
724 3484 850 3556 'accepit,
869 3471 923 3556 quo
937 3497 1022 3555 usque
1040 3479 1170 3553 a'liligeret
1182 3477 1250 3549 iob;
1263 3476 1301 3537 ita

509 3578 578 3636 illud
600 3594 675 3636 mare
691 3591 840 3650 quousque
854 3572 1060 3647 persequeretur
1073 3571 1232 3630 Ecclesiam.
1248 3572 1302 3629 Sed

508 3670 538 3725 irs
557 3667 686 3741 metipso
705 3666 905 3723 comacinamtur
916 3666 1009 3736 tinctus
1023 3664 1061 3719 tui
1073 3678 1083 3719 .·
1097 3663 1197 3719 alterna
1213 3671 1302 3719 sasta-

509 3761 584 3818 tione
597 3758 789 3817 discordiarum
802 3766 882 3829 atquc
902 3754 1043 3830 bellorum.
1060 3755 1110 3809 Aut
1130 3754 1252 3827 atrmquitl
1263 3764 1301 3810 te·

509 3867 570 3909 eum
591 3853 671 3916 lucem
683 3847 802 3907 constitui
822 3850 992 3905 matutinum?
1004 3849 1029 3905 id
1042 3858 1098 3917 est,
1114 3864 1174 3905 cum
1189 3849 1303 3905 consilio

510 3954 559 4001 tuo
570 3951 676 4018 tempus
688 3936 892 3998 resurrectionis
906 3939 1111 4012 praedestinavi?
1123 3939 1174 3994 Aut
1188 3942 1302 4012 copnoeit

510 4035 603 4107 lucifer
614 4034 728 4090 ordinem
750 4030 1066 4089 ruumlsubaudiendum
1085 4032 1147 4101 est,
1169 4030 1301 4104 Numquid

510 4125 623 4182 lecum?
646 4122 785 4180 bominum
806 4132 895 4180 autem
918 4122 1058 4180 lucilerum
1080 4121 1163 4191 dicit,
1192 4133 1303 4195 propter

510 4218 601 4289 ipsum
623 4216 780 4273 matutinum
795 4216 998 4273 resurrectionis
1010 4224 1141 4272 exortum.
1157 4215 1215 4272 Non
1230 4217 1302 4274 cuim

510 4307 547 4369 de
556 4310 610 4367 alio
621 4310 673 4367 dici
687 4309 781 4381 potuit,
794 4307 828 4365 Et
837 4307 927 4379 lucifer
940 4309 1038 4364 ematur
1049 4308 1076 4364 in
1085 4305 1202 4364 cordibus
1214 4310 1302 4366 uestris

503 4391 548 4476 ’(11
562 4402 634 4460 Petr.
647 4419 667 4466 ι,
678 4402 735 4474 ι9).
750 4401 810 4473 lpse
823 4401 929 4473 agnovit
945 4399 1068 4457 ordinem
1082 4416 1175 4470 suum,
1190 4410 1220 4456 ιιι
1230 4410 1303 4458 esset

510 4494 636 4569 primitiae
643 4491 842 4557 dormientium,
857 4490 1046 4562 primogenitus
1059 4505 1075 4545 a
1086 4490 1198 4546 mortuis
1209 4489 1230 4565 (l
1241 4490 1300 4548 Cor.

511 4601 564 4654 ιι,
578 4583 638 4658 2⁰),
651 4592 729 4654 caput
744 4582 890 4647 Ecclesiae,
904 4591 1027 4638 sccuturo
1046 4580 1126 4637 ctiam
1143 4595 1256 4652 corpore
1275 4582 1301 4637 in

510 4676 600 4733 lutura
615 4674 810 4732 resurrectione
824 4681 985 4729 senmurum.
1001 4670 1302 4745 apprehenderemus

511 4779 587 4824 terres
597 4784 606 4823 .·
616 4766 715 4823 dictum
728 4775 789 4833 cst,
802 4759 833 4821 Si
853 4764 973 4836 recipiam
995 4779 1091 4834 perram
1109 4778 1178 4818 utens
1189 4763 1216 4818 in
1232 4763 1301 4818 dire·

510 4872 582 4919 etnm
605 4858 689 4934 (Psoi.
709 4873 839 4925 ιιιιιιιι,
855 4856 900 4927 9);
915 4855 1029 4912 virtrrtes
1044 4855 1137 4926 utiquc
1150 4855 1302 4928 spirituales

511 4951 647 5020 lidelium,
671 4949 767 5022 quibus
792 4964 808 5003 a
829 4946 1002 5005 saecularibus
1023 4946 1221 5018 suspenduntur
1243 4947 1302 5002 illc-

498 5041 610 5101 ·cebris.
624 5039 845 5110 Euemereimpioa
854 5054 932 5094 esee.
946 5037 986 5093 ιιι
995 5039 1045 5093 boc
1057 5038 1129 5094 euim
1144 5038 1217 5109 prior
1229 5046 1302 5093 tarrto

511 5142 575 5193 eale
599 5130 744 5190 resurrexit
764 5143 911 5201 agnoscens
922 5127 1043 5183 ordinem
1062 5143 1156 5196 sunm,
1180 5138 1209 5183 ιιι
1223 5127 1302 5184 iidem

511 5219 718 5280 resurrectionis
732 5219 887 5286 insinuaret,
902 5225 983 5290 alque
994 5233 1041 5288 per
1056 5217 1127 5289 ipsas
1140 5232 1241 5289 pennas
1252 5219 1303 5275 lie·

511 5312 603 5371 clesiae
624 5310 722 5384 ubique
736 5309 910 5382 predicatus,
934 5304 1085 5365 ministerio
1105 5306 1302 5369 circumrotan-

511 5405 579 5463 tium
591 5401 761 5468 nuntiorum,
774 5399 847 5472 juste
857 5398 1040 5472 apprclrcudat
1053 5413 1099 5455 eas
1112 5398 1139 5454 in
1153 5413 1220 5470 opus
1230 5398 1302 5472 judi·

1352 1485 1421 1540 sicut
1433 1485 1478 1542 illc
1492 1487 1536 1558 qui
1548 1488 1630 1556 ιιιιιι,
1644 1491 1729 1563 utqui
1742 1508 1793 1548 nou
1805 1494 1908 1565 rideat,
1923 1497 2045 1568 uidcaut;
2059 1506 2140 1584 etqui

1351 1575 1458 1644 vident,
1472 1579 1536 1635 caeci
1548 1578 1611 1635 itaut
1621 1579 1677 1653 (lu.
1691 1598 1731 1649 ιι,
1746 1583 1802 1656 59).
1819 1586 1870 1641 dul
1879 1588 2007 1647 ireclrium
2020 1599 2141 1667 eupale-

1351 1683 1408 1720 rum
1420 1669 1609 1726 eonnrtirruirtii
1620 1674 1766 1743 potentiam
1784 1691 1892 1746 eurum,
1908 1681 1976 1738 sicut
1988 1684 2034 1741 ille
2042 1688 2087 1757 qui
2098 1690 2141 1744 in·

1352 1754 1428 1812 llrma
1437 1758 1528 1814 mundl
1536 1760 1624 1832 elegit,
1635 1772 1663 1817 ut
1672 1763 1847 1822 coufunderet
1857 1766 1936 1826 tortia
1947 1770 1969 1843 (l
1981 1771 2038 1829 Cor.
2052 1791 2071 1842 t,
2082 1777 2140 1847 st).

1352 1846 1401 1901 Aut
1414 1849 1502 1904 uenisti
1515 1852 1549 1905 ud
1568 1851 1663 1923 [entem
1683 1856 1780 1911 muris?
1801 1858 1869 1914 sicut
1892 1860 1951 1930 ille,
1967 1865 2010 1920 cui
2024 1867 2141 1924 verrionti

1352 1937 1436 2006 poluit
1447 1938 1599 1996 conlitendo
1615 1944 1741 2022 quidquid
1761 1949 1893 2005 occultum
1907 1964 1965 2009 crat
1978 1956 2004 2011 in
2017 1957 2143 2017 cordibus

1352 2024 1492 2096 impiorum
1503 2071 1510 2092 ,
1523 2030 1715 2101 qui-credendo
1730 2036 1755 2090 in
1769 2051 1829 2092 curn
1841 2039 1977 2107 justilleati
1989 2056 2060 2103 sunt.
2073 2048 2141 2106 Nam

1352 2130 1431 2185 quem
1445 2117 1545 2174 iontem
1563 2122 1644 2178 maris
1657 2125 1751 2180 melius
1764 2127 1924 2204 accipimus,
1941 2134 1993 2189 nisi
2006 2148 2139 2195 secretum

1353 2206 1423 2262 uude
1436 2210 1552 2281 erumpit
1569 2212 1657 2269 omnis
1673 2215 1731 2271 bec
1742 2218 1908 2276 amarissima
1930 2222 2068 2295 impietas,
2083 2244 2143 2299 quac

1352 2296 1473 2369 ingentes
1492 2298 1653 2373 fluctusjam
1666 2303 1867 2364 manifestorum
1881 2313 2011 2371 urniorum
2029 2332 2142 2388 operum

1352 2389 1477 2458 concitat,
1487 2393 1645 2462 qurerident
1653 2394 1774 2455 homines
1784 2399 1810 2454 iu
1819 2403 1919 2472 apertis
1932 2401 2018 2476 iactis,
2030 2411 2076 2480 qui
2085 2412 2144 2466 lou·

1352 2486 1406 2535 tem
1421 2479 1508 2551 ipsum
1528 2483 1618 2541 ridere
1632 2497 1806 2558 nonpossunt
1815 2490 1826 2543 ι
1836 2492 1887 2546 Aut
1900 2495 1927 2548 ire
1936 2491 2045 2569 uestipiis
2058 2500 2143 2573 abpsai

1351 2573 1486 2629 aarbulus?
1500 2575 1617 2649 rlbpssus
1627 2578 1671 2635 lric
1680 2587 1752 2637 recle
1765 2582 1919 2656 intelligitur
1933 2587 1985 2643 rita
1994 2592 2142 2658 secularis,

1351 2681 1526 2740 quaecumque
1538 2670 1611 2726 estin
1623 2670 1754 2742 profundo
1765 2675 1894 2733 malorum
1906 2720 1914 2746 ,
1929 2695 1991 2751 quo,
2002 2682 2070 2740 sicut
2078 2685 2146 2741 scri·

1352 2766 1425 2829 ptum
1434 2766 1485 2827 cst,
1493 2777 1550 2816 eum
1558 2763 1913 2834 renuitpeemtorcorrtemact
1922 2769 2142 2848 (ermenias).

1351 2850 1417 2918 Quia
1432 2852 1480 2922 ipsi
1494 2868 1598 2924 quoquc
1618 2853 1839 2924 desperatissimi,
1857 2850 1971 2931 subjecti
1990 2863 2082 2934 gratim
2097 2882 2146 2935 per

1352 2941 1536 2998 remissionem
1548 2944 1555 2975 ¹
1568 2953 1738 3015 peccatorum
1758 2948 1826 3004 satri
1843 2948 1906 3005 lacti
1927 2964 2104 3022 emerserunt,
2116 2964 2146 3018 ιι

1351 3044 1511 3102 receperunt
1522 3032 1658 3090 Christum
1674 3052 1681 3090 :
1697 3051 1750 3093 non
1769 3037 1795 3093 io
1816 3039 1943 3113 abyssum
1964 3059 2017 3113 qno
2037 3060 2146 3117 preme·

1352 3120 1466 3188 buntnr;
1481 3122 1528 3179 sed
1543 3123 1669 3180 inlocum
1684 3129 1753 3202 ejus,
1767 3137 1794 3183 ut
1805 3129 1849 3186 ubi
1868 3132 2021 3189 ambulabat
2039 3136 2146 3194 calcans

1352 3226 1408 3277 sos,
1424 3213 1542 3269 atributa
1552 3203 1702 3273 terramala
1711 3219 1903 3298 machmam
1917 3223 2060 3297 sisaran
2071 3227 2147 3299 trpe-

1352 3301 1385 3368 si,
1401 3303 1599 3362 remanentibus
1611 3321 1659 3376 per
1668 3308 1822 3365 memoriam
1838 3323 2004 3382 peccatorum
2024 3333 2147 3389 suorum,
2190 3357 2194 3362 -

1354 3401 1384 3446 ut
1403 3391 1468 3448 dum
1483 3394 1604 3452 recolunt
1615 3397 1660 3453 ubi
1674 3396 1781 3480 locrius,
1806 3403 1920 3473 amplius
1938 3406 2048 3478 utttqant
2065 3426 2148 3481 quetu

1353 3493 1520 3554 receperunt,
1537 3501 1613 3557 aquo
1627 3487 1677 3543 sibi
1698 3497 1771 3545 lauta
1792 3490 1901 3548 diutissa
1923 3507 1986 3551 sunt
2005 3496 2087 3569 (Luc.
2099 3517 2147 3569 ιιι,

1353 3571 1457 3646 stit).
1483 3574 1534 3658 elul
1547 3576 1591 3632 tibi
1604 3580 1754 3650 aperiuntur
1764 3590 1829 3636 metu
1842 3593 1922 3658 portes
1934 3588 2040 3643 stertis?
2053 3589 2147 3660 Ornoi⁴

1353 3664 1403 3719 bus
1416 3665 1488 3720 enim
1508 3668 1681 3726 morientibus
1701 3672 1857 3741 aperiuntur
1880 3685 1964 3750 porto
1984 3680 2086 3748 mortis,
2099 3681 2148 3738 sei

1354 3767 1407 3809 aon
1420 3764 1506 3825 meto,
1522 3757 1590 3814 sicut
1610 3760 1656 3815 uui
1673 3760 1712 3817 illi
1722 3761 1767 3834 qui
1779 3762 1946 3822 destruenda
1960 3770 2053 3827 mortis
2065 3785 2148 3830 causa

1353 3853 1473 3901 rttortuus
1488 3855 1540 3903 est.
1561 3848 1615 3917 dut
1632 3846 1706 3906 cerie
1726 3852 1883 3926 aperiuntur
1894 3855 1928 3911 ad
1943 3837 2147 3931 resurgendum.

1353 3933 1405 3990 Aut
1413 3936 1538 4007 janitores
1548 3939 1642 4011 inferni
1651 3940 1762 4021 uidentes
1772 3953 1806 4011 te,
1819 3945 1973 4002 tinnuerunt!
1984 3947 2053 4005 sicut
2073 3950 2148 4008 illuct

1354 4040 1448 4094 unum,
1462 4026 1489 4081 ia
1508 4042 1561 4099 quo
1574 4029 1640 4085 nibil
1652 4030 1759 4103 dignum
1784 4043 1871 4090 morte
1884 4035 2009 4108 princeps
2029 4040 2147 4095 mundi¹

1354 4114 1465 4185 invenit,
1481 4134 1560 4188 quem
1569 4128 1621 4175 tam
1632 4120 1860 4191 citodiotiseruut,
1874 4140 1952 4196 quem
1963 4127 2039 4183 inriti
2060 4112 2147 4185 adrni-

1354 4217 1457 4265 serunt.
1472 4207 1552 4266 lnieri
1562 4219 1651 4268 autem
1663 4211 1801 4283 institores,
1814 4215 1909 4287 aliquae
1920 4217 2058 4277 inferiores
2072 4231 2148 4293 pote·

1353 4311 1438 4359 states
1457 4304 1536 4360 morti
1549 4305 1699 4378 preposite
1709 4306 1888 4380 intelligendae
1901 4321 1973 4366 suut.
1987 4312 2037 4367 Aut
2053 4331 2148 4386 copae·

1353 4397 1410 4452 uiui
1423 4396 1580 4453 latitudinem
1593 4400 1640 4453 sui
1650 4399 1731 4455 culo!
1742 4400 1812 4456 sicut
1823 4402 1946 4473 cognorit
1957 4404 2002 4475 qui
2016 4421 2065 4478 per
2076 4408 2149 4465 illam

1354 4488 1458 4545 dilludit
1471 4490 1627 4547 Ecclesiam·
1652 4490 1740 4546 Narra
1766 4507 1825 4564 erpo
1847 4494 1909 4549 arilei
1926 4504 2021 4568 quantu
2041 4514 2148 4569 qumque

1353 4580 1414 4635 siat.
1435 4580 1502 4647 Quis
1522 4581 1594 4637 enim
1616 4581 1667 4636 boc
1687 4581 1764 4647 sciat,
1787 4582 1838 4637 nisi
1859 4600 1937 4655 qucm
1950 4585 1995 4641 ille
2008 4586 2148 4645 docuerint

1353 4670 1404 4725 Aut
1428 4670 1455 4724 irr
1469 4688 1519 4743 qun
1532 4679 1600 4726 terra
1613 4671 1707 4725 uolitet
1724 4671 1788 4726 lusi
1801 4670 1848 4727 lllc
1868 4673 1941 4728 cuim
1967 4672 2062 4739 docet,
2085 4677 2148 4747 quia

1354 4761 1532 4818 manifestatio
1543 4761 1684 4818 uerborum
1696 4760 1754 4831 ejus
1766 4759 1904 4828 illuminat,
1915 4772 1942 4820 et
1952 4763 2098 4836 intelligere
2108 4765 2148 4821 ta·

1354 4852 1513 4908 cilinlantos
1536 4849 1627 4925 (Psoi.
1649 4867 1739 4920 cxrrtt,
1754 4848 1833 4925 tstl).
1857 4851 1907 4906 Aul
1918 4854 1974 4924 quis
1990 4854 2148 4911 tenebrarunt

1354 4941 1444 4998 loeus?
1457 4940 1513 4997 lloc
1534 4954 1639 5012 quoque
1660 4939 1705 5020 ille
1727 4938 1816 5008 docet,
1838 4941 1883 5011 qui
1895 4941 1969 5009 dicit,
1985 4943 2148 5001 Acceditesd

1354 5051 1422 5102 eunt,
1431 5043 1455 5089 et
1463 5032 1643 5089 tttmntmmtn·
1655 5030 1883 5106 (Poteratne).
1898 5034 1966 5092 ιιιιιι
1976 5037 2047 5093 enim
2058 5047 2150 5096 osten·

1354 5125 1394 5181 dit
1404 5140 1452 5182 eos
1467 5123 1651 5181 tenebrescere
1669 5124 1715 5194 qui
1734 5122 1871 5192 recedunt,
1886 5125 1955 5188 dum
1974 5129 2069 5187 nolunt
2087 5146 2151 5190 esse

1354 5218 1479 5295 inlaptes.
1494 5214 1600 5272 initium
1613 5215 1684 5273 enim
1706 5215 1839 5286 superbire
1859 5215 1984 5288 bominis,
1998 5230 2150 5292 apostatare

1355 5325 1369 5364 a
1386 5309 1441 5366 beo
1454 5307 1556 5382 (Eeeli.
1571 5324 1599 5376 ι,
1620 5307 1677 5382 ιι).
1700 5295 1764 5364 lntle
1774 5306 1822 5380 qui
1844 5322 1898 5364 nou
1910 5310 2150 5382 glorillcarcrunl’

1356 5401 1452 5465 Deum,
1466 5408 1512 5456 aut
1524 5400 1623 5473 gratias
1633 5408 1753 5472 eperum,
1767 5410 1933 5458 evanuerunt
1943 5402 1970 5458 in
1983 5405 2150 5477 cogitationi·

510 5491 591 5552 sandi
613 5491 753 5549 duodecim
772 5490 857 5547 tribus
874 5490 972 5557 lsrael,
984 5505 1045 5547 eum
1058 5491 1161 5547 reacrit
1178 5499 1304 5547 excutere
1355 5489 1405 5546 bus
1416 5489 1482 5559 suis,
1497 5498 1525 5546 ct
1536 5488 1705 5546 obscuratum
1716 5497 1758 5550 est
1770 5488 2150 5565 iusipienscorcorumfflom.

511 5584 610 5657 impios
623 5597 657 5640 ιι
678 5580 821 5648 Ecclesia,
842 5579 888 5653 qui
911 5596 982 5638 nurtc
1003 5589 1066 5637 amc
1089 5579 1217 5652 judicium
1240 5596 1299 5653 pcr-
1356 5596 1375 5649 r,
1386 5580 1446 5653 ιι),
1460 5589 1488 5638 ιι
1499 5580 1559 5637 lacll
1575 5588 1638 5638 sunt
1654 5579 1825 5640 tenebrarum
1846 5580 1932 5637 lucus.
1947 5581 2003 5637 liisi
2025 5581 2150 5640 lomeille

511 5675 589 5733 mixti
611 5671 768 5730 tolerantur.
783 5670 819 5727 Ει
833 5681 861 5727 te
874 5687 976 5727 semem
995 5680 1069 5727 terre
1088 5671 1169 5727 lurum
1188 5671 1304 5744 fipurusti
1356 5682 1398 5751 est
1416 5672 1586 5728 tenebrarum
1606 5672 1691 5739 locus,
1712 5671 1760 5743 qul
1777 5671 1877 5742 excipit
1898 5680 2100 5742 perseverantes
2122 5674 2149 5730 in

511 5765 632 5824 maruli
653 5765 710 5822 sire
724 5765 811 5837 ipsum
837 5761 923 5820 Adam
934 5771 1144 5830 commemoret,
1163 5762 1220 5821 sire
1233 5763 1304 5836 quod
1357 5762 1483 5833 peccatis,
1496 5770 1525 5818 ιιι
1537 5761 1587 5833 ipsi
1606 5761 1661 5818 siut
1680 5761 1808 5828 tenebrae,
1822 5775 1934 5833 quarum
1948 5757 1993 5815 rlle
2006 5770 2049 5817 est
2061 5761 2149 5830 locus,

511 5873 585 5917 nunc
598 5867 673 5914 sexta
681 5863 759 5912 atate
770 5854 872 5922 saculi,
885 5853 953 5909 sieut
963 5863 1025 5909 tunc
1037 5866 1114 5911 sexto
1127 5852 1181 5920 die,
1196 5853 1231 5911 de
1243 5867 1306 5925 pec·
1356 5845 1438 5929 quern
1449 5869 1512 5913 rere
1522 5855 1610 5912 nullus
1623 5854 1759 5924 bominum
1774 5854 1856 5910 norit.
1879 5852 2007 5911 Similiter
2020 5863 2049 5911 ιι
2067 5865 2149 5922 terra,

511 5948 664 6017 caloribus,
686 5959 811 6018 tanquam
824 5944 858 6001 de
876 5942 932 6000 luto
945 5952 1040 6013 terre,
1062 5944 1144 6000 bomo
1163 5944 1248 6000 iactus
1264 5953 1306 6001 est
1357 5948 1385 6003 iu
1399 5961 1452 6020 qua
1462 5946 1563 6005 babitat
1573 5946 1629 6014 lux,
1639 5942 1843 6017 potestintclligi
1853 5943 1978 6001 termille
1992 5945 2148 6012 strenuum.

512 6038 661 6097 secundom
670 6035 813 6109 imaginem
827 6031 942 6106 ejusqui
952 6032 1052 6090 creavit
1064 6046 1127 6089 euru
1141 6025 1218 6106 (Gen.
1227 6047 1247 6102 t,
1257 6032 1303 6100 ιι,
1707 6087 1713 6104 ,

513 6142 537 6189 e
550 6115 582 6201 a,
596 6130 637 6205 ι).
659 6129 718 6188 rtoa
731 6124 962 6201 auquuoetoeu
975 6124 1113 6196 emera,
1132 6125 1182 6183 est
1202 6126 1229 6183 a
1253 6126 1306 6184 aas
1389 6095 2035 6225 :ffltfflgff'wgsswm
2049 6168 2149 6216 m

513 6224 739 6300 pouuslactaest
756 6217 1240 6294 per·tsrbomoppertmo·rearpore
1260 6218 1305 6277 irr-
1360 6228 1662 6293 spumosum
1712 6219 1884 6275 'dmum

675 6316 789 6377 staca.
804 6314 945 6374 Accusr.
963 6307 1018 6371 tn.
1120 6323 1124 6335 ·
1778 6303 2009 6386 (i'inqt-buit.)
