5709 7534
533 870 599 928 libi

532 987 610 1046 lantlo
633 987 792 1060 intelligitur
812 990 927 1055 dixisse,
952 988 1015 1046 illud
1030 988 1130 1045 scilicet
1143 988 1213 1059 qrrod
1235 988 1321 1058 primo

533 1079 659 1135 mulieres
677 1081 865 1138 nuntiaveram
880 1083 958 1139 Petro
970 1094 997 1139 et
1010 1082 1104 1138 loanni
1115 1081 1150 1137 dc
1160 1082 1247 1137 ablato
1260 1097 1320 1138 eor·

533 1185 597 1241 pore
620 1172 737 1229 bomini.
762 1176 801 1230 Ac
815 1189 863 1246 per
882 1175 933 1230 hoc
955 1174 1085 1245 cumipse
1107 1173 1191 1230 Lucas
1213 1175 1321 1229 Petrum

533 1263 628 1321 uruit
653 1267 805 1322 mcunisse
827 1266 861 1322 ad
884 1274 1102 1335 monumentum,
1125 1276 1152 1323 et
1177 1266 1321 1338 cleopham

533 1357 632 1413 dirime
651 1356 710 1428 lpse
731 1357 852 1414 retulerit
865 1357 934 1429 qued
948 1358 1055 1429 quidam
1069 1373 1163 1415 corum
1184 1359 1269 1415 ierant
1288 1359 1321 1414 ad

534 1457 744 1516 mouumentum,
758 1448 914 1519 intelligitur
927 1449 1045 1504 attestari
1060 1447 1174 1516 loanni,
1188 1449 1259 1521 qnod
1270 1449 1322 1505 duo

534 1538 611 1595 ierint
633 1536 668 1593 ad
692 1547 908 1607 monumentum;
929 1540 976 1596 sed
997 1540 1104 1596 l‘etrum
1126 1540 1213 1595 solum
1236 1540 1322 1609 primo

533 1630 843 1701 commemoravimus
858 1631 895 1686 illi
909 1632 1031 1701 primitus
1050 1633 1129 1689 llaria
1145 1635 1320 1689 nuntiaverat.

536 1719 600 1775 item
612 1726 700 1791 potest
711 1722 899 1793 morcrequod
909 1724 1015 1780 Petrum
1035 1741 1087 1779 non
1099 1726 1240 1782 intrantem
1254 1765 1261 1792 ‚
1276 1727 1322 1782 sed

534 1812 752 1884 procumbentem
764 1814 830 1871 dicit
850 1815 919 1871 idem
943 1816 1028 1872 Lucas
1046 1819 1144 1874 vidisse
1157 1819 1212 1874 sola
1230 1818 1323 1875 lintea·

534 1904 616 1972 mina,
630 1913 659 1962 et
671 1904 827 1965 discessisse
840 1908 995 1974 mirantcm;
1010 1925 1070 1967 enm
1084 1911 1199 1968 lnames
1212 1911 1282 1967 dieat
1293 1926 1322 1968 se

533 1996 621 2067 potius
632 1996 667 2052 lta
681 1997 790 2066 vidisse,
800 1998 851 2054 boc
864 2007 906 2054 est
916 1999 1071 2070 discipulum
1085 2001 1157 2055 illum
1171 2017 1248 2073 quem
1260 2002 1321 2056 difi-

533 2088 611 2159 gebat
618 2086 708 2155 lesus,
721 2102 775 2144 uon
792 2090 904 2144 intrasse
918 2088 944 2143 in
958 2100 1168 2153 monumentum,
1184 2104 1236 2161 qun
1250 2092 1322 2161 prior

533 2186 652 2247 renent,
668 2179 715 2235 sed
729 2194 790 2235 com
804 2193 834 2234 se
847 2180 998 2236 inclinasset
1009 2181 1106 2235 uidisse
1125 2182 1209 2252 posita
1224 2181 1322 2236 lintea·

533 2271 603 2327 mitta
619 2288 626 2325 t
641 2270 690 2326 ted
706 2279 734 2326 ct
755 2271 871 2341 seipsum
886 2281 977 2341 postca
1003 2271 1066 2327 dicit
1093 2273 1215 2327 intrasse.
1238 2270 1274 2327 ita
1295 2281 1323 2328 ct

535 2361 628 2417 reims
648 2360 835 2431 intelligendos
847 2369 889 2417 est
910 2362 996 2431 primo
1013 2363 1190 2433 procumbens
1204 2363 1320 2431 uidisse,

533 2453 600 2525 quud
625 2451 709 2507 Lucas
722 2461 931 2520 commemorat,
953 2452 1068 2508 loannes
1090 2462 1178 2519 tacet;
1199 2462 1258 2523 post
1276 2469 1323 2510 au·

534 2548 736 2618 temingressus',
745 2544 792 2602 sed
802 2546 935 2616 ingressus
949 2554 1035 2601 tamen
1050 2555 1191 2617 antequam
1206 2547 1321 2605 loannes

532 2641 640 2694 intraret
651 2678 659 2705 ,
670 2646 700 2694 ut
713 2650 807 2692 omnes
820 2650 912 2692 uerum
925 2635 1023 2692 dixisse
1036 2638 1093 2693 sine
1107 2637 1158 2691 ulla
1173 2652 1321 2710 repugnan-

534 2732 566 2785 tia
580 2730 756 2803 reperiantur.

566 2823 610 2877 ll.
626 2821 698 2877 (lrdo
711 2836 776 2892 ergo
788 2836 877 2877 rerum
891 2822 934 2893 qni
957 2836 1016 2878 esse
1031 2824 1113 2893 potuit
1125 2866 1132 2892 ‚
1146 2823 1319 2895 quemadmo-

532 2913 593 2968 dum
605 2913 751 2978 ilominos,
766 2923 879 2984 excepto
893 2913 963 2985 quod
974 2914 1029 2984 iam
1050 2915 1206 2971 mulieribus
1219 2917 1321 2973 locotus

532 3013 598 3071 erat,
612 3003 693 3061 etiam
704 3004 823 3061 maribus
833 3005 967 3077 discipulis
980 3007 1052 3062 risus
1065 3007 1144 3063 fuerit
1156 3051 1163 3073 ‚
1175 3010 1319 3066 secundum

534 3096 681 3151 tetimonia
695 3109 749 3151 non
774 3096 860 3152 solnm
880 3105 993 3167 quatuor
1006 3099 1249 3169 Evangelistarum,
1274 3102 1320 3157 scd

534 3189 609 3245 etiam
624 3189 696 3245 naon
710 3192 840 3262 apostoli,
855 3191 1036 3248 contexendus
1050 3203 1076 3247 et
1097 3193 1320 3250 demonstrandus

532 3289 581 3338 est.
592 3281 716 3338 Omnium
730 3298 796 3356 ergo
806 3284 922 3339 virorum
934 3285 1019 3355 primo
1033 3287 1186 3357 apparuere
1198 3287 1321 3359 iutelligi-

532 3381 574 3427 tor
586 3373 676 3442 Petro,
691 3389 725 3430 ex
736 3373 915 3430 hisdontarat
926 3377 1050 3433 omnibns
1064 3394 1131 3448 quos
1146 3379 1319 3451 Evangelistre

532 3471 643 3535 quatuor
661 3473 688 3521 et
702 3464 800 3521 Paulus
812 3467 950 3535 apostolus
963 3480 1247 3525 commemoraverunt.
1261 3470 1319 3526 Cu·

532 3566 615 3609 tcmm
634 3555 657 3611 si
671 3555 794 3626 apperuit
814 3556 891 3613 alicui
914 3572 1006 3612 comm
1029 3559 1102 3627 prius
1125 3576 1204 3631 quam
1221 3562 1318 3630 Petro,

532 3645 599 3714 eqttod
612 3657 707 3701 omncs
716 3652 854 3701 tacuerunt
865 3686 873 3713 ,
886 3647 944 3717 quis
957 3648 999 3703 rel
1008 3648 1098 3706 dicere
1110 3651 1205 3706 audeat
1217 3654 1258 3707 rel
1275 3670 1321 3710 nc·

531 3733 613 3805 garet
631 3734 723 3807 Neque
741 3736 811 3793 enirn
829 3744 856 3792 et
873 3736 970 3793 Paulus
988 3738 1070 3807 dixit,
1085 3741 1213 3813 hppamit
1235 3744 1320 3815 primo

530 3824 638 3896 cephe:
652 3826 710 3894 sed,
722 3825 867 3898 Apparuit,
882 3827 966 3897 inquit
978 3870 986 3895 ,
1000 3827 1109 3899 Cephen,
1124 3842 1210 3901 prosteo
1223 3834 1318 3888 einede-

530 3920 592 3984 ἀνι,
606 3919 697 3974 deinde
706 3920 825 3992 apperuit
840 3920 898 3989 plna
910 3937 986 3991 quem
999 3923 1140 3994 qninpentir
1153 3925 1271 3993 [ratribus
1283 3927 1318 3981 si·

531 4012 591 4067 mal.
602 4011 647 4069 Sic
656 4021 745 4068 autem
756 4027 808 4067 non
822 4022 931 4083 apparet
945 4014 1042 4085 quihus
1052 4016 1209 4084 elurodceiut,
1226 4033 1317 4088 quern·

530 4104 672 4160 οιΙιιιοιΙιιιιι
687 4104 840 4175 necquibus
855 4106 1016 4177 quingentis.
1027 4108 1096 4162 l'icri
1109 4110 1178 4163 eninr
1191 4119 1276 4178 potest
1290 4120 1318 4165 ιιι

531 4197 563 4252 dc
582 4197 658 4252 turba
672 4195 861 4266 discipulorum
883 4195 980 4252 luerint
1001 4198 1043 4253 isti
1067 4200 1205 4255 ‹lenendeciru
1228 4202 1319 4257 neseio

530 4291 583 4359 qni.
603 4288 670 4344 liant
690 4289 751 4345 illos
765 4304 832 4359 quos
854 4289 996 4360 Apostolos
1018 4292 1179 4358 rrorninarit,
1196 4308 1248 4348 non
1263 4293 1318 4364 jam

530 4379 686 4447 douleeim,
700 4378 747 4435 sed
761 4379 881 4436 undecim
896 4381 1012 4448 diecret,
1026 4383 1094 4437 sient
1105 4384 1223 4438 nonnulli
1238 4384 1318 4439 etiarn

530 4472 636 4527 codices
666 4470 783 4537 babent;
806 4472 876 4543 quod
899 4473 979 4528 credo
1004 4475 1172 4543 perturbatos
1198 4475 1318 4531 homines

530 4563 695 4631 emendasse,
711 4570 832 4635 putantes
844 4563 877 4619 de
889 4564 941 4619 illis
961 4563 1100 4620 duodecim
1115 4566 1250 4637 Apostolis
1265 4567 1320 4621 die-

530 4663 597 4720 tam,
609 4654 655 4724 qni
666 4654 722 4724 lant
734 4653 802 4709 futla
815 4655 945 4711 exstineto
960 4655 1081 4711 undecim
1096 4665 1182 4713 erant.
1197 4657 1248 4713 Sed
1264 4658 1319 4714 sire

530 4745 567 4800 illi
579 4745 685 4802 codices
703 4746 791 4803 terius
805 4746 919 4803 babeant
930 4749 975 4820 qui
989 4749 1110 4805 undecim
1126 4750 1241 4816 habent,
1263 4752 1318 4805 siro

528 4836 596 4893 alios
605 4836 734 4909 quosdam
744 4835 883 4893 duodecim
898 4838 1041 4909 discipulos
1055 4841 1150 4896 Paulus
1164 4842 1228 4898 relit
1240 4843 1318 4897 intel-

530 4929 572 5001 llgi
593 4931 614 4995 ¹,
628 4929 687 4986 siro
699 4939 830 4986 sacratum
842 4931 915 4987 illum
929 4948 1068 4988 numerum
1080 4936 1091 4965 ¹
1105 4936 1184 4989 etiam
1196 4936 1221 4990 in
1233 4936 1316 4992 irride·

528 5022 579 5076 eim
592 5028 663 5077 stare
675 5021 805 5095 voluerim
826 5024 885 5093 quia
901 5023 1079 5081 duodenarius
1092 5027 1118 5080 iu
1132 5028 1170 5082 eis
1192 5044 1318 5084 numerus

530 5113 564 5167 ita
575 5112 704 5184 mysticus
720 5121 794 5178 erat,
811 5122 839 5168 ut
861 5130 912 5169 non
927 5126 1016 5186 posset
1034 5118 1059 5171 iu
1080 5117 1166 5173 locum
1179 5118 1253 5175 ludu
1267 5122 1317 5175 nisi

529 5202 606 5270 alius,
620 5202 697 5260 idest
706 5204 842 5273 llatthias,
856 5205 888 5260 ad
901 5208 1110 5263 conservandum
1122 5221 1317 5266 sacrarrrentum

530 5293 648 5363 eiusdem
672 5296 777 5351 numeri
797 5297 932 5368 subrogari
957 5297 1025 5371 (Act.
1053 5299 1165 5370 l,26);
1180 5302 1316 5371 quodlibet

529 5399 593 5457 ergo
604 5400 696 5442 eorum
709 5385 761 5453 sit,
772 5386 837 5442 nihil
849 5388 909 5445 inde
921 5390 1011 5446 existit
1022 5391 1092 5461 quod
1106 5394 1208 5447 veritati
1220 5395 1260 5451 tei
1281 5397 1316 5449 is-

530 5476 699 5534 totumalieui
708 5477 877 5534 veracissimo
886 5484 1014 5538 narratori
1025 5499 1171 5553 repungnare
1180 5485 1315 5542 rideatur:

531 5568 701 5636 pmhatttiter
715 5577 803 5625 tamen
817 5572 933 5627 creditur
945 5583 1114 5645 posteaquam
1138 5577 1215 5633 Petro
1234 5594 1315 5649 appa·

531 5658 599 5726 ruit,
618 5659 715 5716 deinde
737 5661 891 5730 apparuisse
913 5662 970 5718 istis
989 5665 1109 5733 duobus,
1132 5684 1244 5737 quorum
1259 5678 1315 5725 crat

531 5768 597 5810 arrius
610 5751 757 5825 (ilenphas,
772 5754 806 5811 de
822 5756 916 5825 quibus
928 5756 1011 5812 Lucas
1028 5768 1109 5813 totum
1123 5771 1230 5828 narrat,
1245 5763 1314 5818 llar-

530 5860 577 5900 rna
588 5854 675 5903 autent
690 5846 806 5903 brevitet·
818 5848 852 5903 ita
875 5851 1047 5922 perstringit:
1067 5851 1128 5907 Post
1147 5855 1201 5909 fruc
1215 5865 1313 5923 nutent,

531 5936 631 6007 inquit,
642 5938 740 5994 duobos
753 5953 785 5993 a
804 5939 839 5993 eit
849 5941 1033 5995 otnbuluntibne
1052 5955 1165 6000 osfernus
1179 5949 1252 6001 estin
1266 5951 1317 6003 olio

530 6028 620 6100 effigie,
632 6030 747 6086 mettim
761 6031 788 6085 fn
803 6031 898 6085 riflum.
913 6033 1055 6089 Castellum
1069 6037 1164 6107 qnippe
1186 6040 1248 6094 illud
1264 6056 1315 6097 non

560 6163 568 6195 ¹
579 6171 640 6226 ιιι,
652 6163 702 6219 tt'te
711 6161 772 6218 aliea
782 6166 896 6233 pnsum
908 6166 1160 6234 dnmectntnpononn
1168 6173 1255 6230 rnttittt
1263 6176 1317 6229 tulit

526 6224 686 6357 νΙξΐέἔίίιίᾳιιι
698 6295 762 6356 ttst,
776 6287 825 6343 rite
834 6294 1009 6345 terrerentur
1021 6290 1086 6348 iiiito
1097 6294 1200 6351 nomn.

1180 869 1278 928 tinnit
1298 863 1457 929 TERTIUS.

2092 895 2168 955 teos

1374 988 1489 1045 absurde
1511 992 1654 1064 accipimus
1667 999 1746 1055 ctiam
1768 1002 1856 1060 eihan
1872 1009 1989 1079 potuisse
2011 1013 2157 1084 appellari;

1373 1078 1444 1147 quod
1459 1096 1529 1137 nune
1539 1082 1592 1152 jam
1606 1089 1751 1158 appellatur
1765 1093 1819 1163 ipsa
1834 1096 1978 1169 Bethleem,
1994 1118 2055 1174 qum
2067 1106 2160 1177 civitas

1374 1178 1452 1225 antea
1467 1173 1579 1228 rocitata
1593 1184 1648 1242 mt3
1663 1183 1782 1250 quamtis
1794 1200 1864 1243 nunc
1878 1189 1912 1245 sit
1921 1190 2031 1249 honoris
2045 1196 2159 1266 amplio-

1374 1261 1427 1328 ris,
1444 1265 1551 1323 nominc
1573 1269 1693 1335 bomini,
1714 1275 1801 1345 quiin
1822 1277 1866 1336 illa
1880 1290 2027 1355 natusest,
2052 1288 2091 1343 sic
2110 1305 2160 1359 per

1374 1352 1509 1413 Ecclesias
1523 1360 1640 1416 omnium
1655 1366 1770 1434 gentium
1780 1368 1921 1429 diffamato.
1937 1375 1971 1431 Et
1983 1377 2008 1432 in
2021 1378 2159 1437 codicibus

1374 1448 1481 1518 quidem
1493 1453 1588 1522 grecis
1598 1455 1683 1527 magis
1697 1473 1788 1527 agmm
1801 1461 1947 1522 invenimus
1966 1465 2004 1540 (ιι)
2016 1485 2095 1541 quam
2110 1473 2160 1527 vil·

1375 1537 1427 1592 lam
1444 1542 1519 1611 :agri
1533 1552 1621 1599 aretem
1636 1548 1743 1604 nomine
1753 1564 1805 1605 non
1819 1554 2048 1626 castellanorum,
2064 1575 2157 1617 rernm

1374 1629 1454 1684 etiam
1469 1632 1610 1702 municipia
1623 1643 1651 1690 ct
1660 1636 1771 1692 colonie
1784 1640 1965 1701 solentuucari
1976 1656 2051 1703 extra
2065 1650 2158 1705 cirita-

1376 1725 1428 1773 tem
1439 1761 1446 1784 ,
1459 1735 1518 1791 qum
1529 1733 1608 1794 caput
1621 1736 1648 1781 et
1662 1729 1737 1797 quasi
1750 1739 1836 1787 mater
1853 1742 1894 1788 est
1904 1744 2075 1807 ceterarum,
2088 1740 2159 1799 tunde

1374 1814 1530 1883 metropolis
1547 1817 1705 1887 appellatur.

1391 1901 1453 1955 42.
1473 1903 1548 1971 erod
1563 1916 1651 1962 autem
1665 1909 1702 1964 ait
1715 1911 1833 1982 florens,
1848 1916 1886 1971 cis
1900 1918 1926 1972 in
1939 1918 1991 1975 alia
2008 1920 2094 1992 effigie
2105 1920 2161 1979 llo-¹

1374 1992 1474 2050 minum
1487 2000 1656 2068 appannissc;
1668 2000 1719 2057 lroc
1730 2004 1814 2061 Ltrms
1824 2007 1897 2074 dicit,
1908 2010 1979 2080 quod
1990 2026 2081 2067 eonrrn
2091 2015 2161 2070 oculi

1374 2084 1531 2143 terrebantur
1544 2104 1578 2144 ne
1591 2103 1766 2160 agnoscerent
1777 2111 1849 2151 enm.
1860 2098 1948 2153 Oculis
1958 2102 2056 2172 quiippe
2068 2118 2161 2160 eorum

1373 2176 1508 2233 acciderat
1521 2180 1629 2250 aliquid,
1638 2185 1707 2253 quod
1720 2185 1754 2240 ita
1770 2201 1877 2243 manere
1889 2192 2049 2258 permissum
2060 2204 2101 2249 est
2114 2211 2161 2250 us-

1372 2267 1471 2337 quoad
1487 2268 1638 2328 fractionem
1653 2276 1816 2344 paciscenti
1837 2282 1956 2351 mysterii
1975 2297 2065 2348 causa,
2081 2292 2109 2339 ιιι
2122 2286 2164 2341 eis

1374 2358 1400 2412 in
1413 2357 1459 2414 illo
1477 2360 1528 2415 alia
1547 2364 1729 2421 ostenderetur
1742 2367 1853 2439 efligies,
1868 2379 1896 2426 et
1908 2371 1947 2426 sic
1958 2386 2020 2427 eum
2038 2389 2090 2429 non
2106 2376 2165 2436 nisi·

1373 2451 1400 2504 in
1418 2451 1545 2509 fractione
1563 2458 1638 2524 panis
1659 2469 1848 2527 agnoscerent,
1864 2461 1933 2516 sicot
1948 2460 2019 2517 Luca
2035 2474 2160 2522 narrante

1374 2541 1546 2596 monstratur.
1567 2544 1618 2599 Pro
1637 2548 1731 2602 rnerito
1742 2548 1838 2619 quippe
1848 2551 1943 2606 mentis
1954 2566 2057 2617 eorum,
2071 2554 2160 2611 adhue

1374 2632 1521 2701 ignorantis
1531 2635 1886 2707 quodopnrtebatchristum
1895 2644 1963 2699 mori
1975 2652 2158 2717 etresorgerc,

1373 2723 1462 2778 simile
1475 2724 1574 2794 aliquid
1596 2741 1689 2783 eorum
1708 2729 1778 2785 oculi
1799 2732 1869 2801 passi
1882 2741 1961 2801 sont,
1976 2751 2029 2791 non
2049 2739 2164 2795 veritate

1373 2815 1491 2883 fallente,
1501 2818 1547 2873 sed
1562 2820 1626 2891 ipsis
1636 2822 1772 2877 veritatem
1784 2826 1920 2897 percipere
1931 2842 1984 2882 non
2000 2829 2157 2896 ealerrtibns,

1372 2917 1399 2964 et
1411 2909 1482 2964 aliud
1499 2925 1578 2981 quant
1599 2927 1643 2968 res
1665 2922 1706 2969 est
1722 2913 1909 2984 opinantibus;
1930 2921 2113 2991 nequisquam
2128 2937 2159 2977 sn

1372 3000 1505 3056 Christum
1520 3003 1659 3074 agnouisse
1674 3004 1830 3075 arbitretur,
1844 3007 1866 3062 si
1885 3008 1943 3076 ejus
1961 3011 2080 3079 eorporis
2096 3027 2157 3081 par-

1373 3093 1455 3164 ticeps
1475 3108 1528 3149 non
1541 3102 1592 3161 est,
1605 3094 1631 3150 id
1646 3103 1687 3151 cst
1697 3094 1834 3166 Ecclesia,
1847 3098 1921 3168 eolus
1930 3100 2057 3156 unitatem
2073 3102 2098 3155 in
2111 3116 2157 3157 sa-

1372 3195 1508 3240 cramento
1525 3186 1600 3255 panis
1613 3186 1780 3242 commendat
1795 3189 1945 3258 apostolus,
1962 3189 2068 3257 dicens,
2085 3190 2158 3247 Uota

1372 3276 1455 3344 ponit,
1470 3292 1548 3329 ιιιιιιιιι
1557 3293 1648 3347 eorpus
1658 3280 1729 3332 rrrnlti
1737 3294 1824 3333 strenus
1836 3279 1845 3350 (
1856 3279 1865 3334 l
1875 3278 1934 3335 Cor.
1947 3296 1973 3347 a,
1986 3283 2030 3352 ti)
2040 3300 2047 3337 :
2059 3292 2087 3339 ut
2097 3298 2158 3338 cnm

1371 3366 1410 3420 cis
1432 3365 1598 3422 benedictum
1620 3383 1715 3438 panem
1735 3372 1891 3440 porrigeret,
1903 3374 2069 3443 aperirentur
2087 3375 2157 3429 oerrli

1371 3471 1476 3522 eorum,
1484 3467 1510 3512 et
1519 3469 1760 3528 agnoscerenteum
1769 3478 1776 3526 ;
1786 3463 1951 3532 aperirentur
1960 3466 2048 3535 utiquc
2056 3466 2088 3520 ad
2100 3467 2159 3535 ejus

1371 3550 1559 3619 egeritionem,
1576 3562 1679 3608 remoto
1696 3554 1797 3610 seilicet
1809 3554 2006 3625 impedimento,
2017 3572 2071 3628 quo
2084 3566 2160 3614 tene·

1372 3639 1516 3698 inaniterne
1530 3657 1590 3697 eum
1603 3654 1785 3714 agnoscerent.
1798 3644 1890 3716 Neque
1902 3647 1972 3704 enim
1985 3648 2083 3703 clausis
2094 3664 2160 3703 oeu-

1372 3730 1404 3785 lis
1420 3731 1593 3788 amlrnlahant
1603 3749 1610 3798 ;
1622 3734 1668 3789 sed
1679 3735 1868 3807 inerataliquid
1882 3751 1935 3808 qrro
1947 3752 2000 3792 non
2010 3738 2159 3794 sinerentur

1371 3838 1516 3893 agnoscere
1528 3826 1597 3897 qnod
1617 3826 1761 3883 ridebant:
1777 3829 1847 3899 qood
1870 3829 1971 3885 scilicet
1992 3837 2020 3885 et
2035 3832 2119 3902 caligo
2132 3842 2160 3890 et

1370 3916 1466 3985 aliquis
1480 3915 1577 3971 humor
1589 3915 1696 3973 efiicere
1715 3917 1792 3973 solet.
1812 3919 1869 3974 Non
1884 3919 1945 3991 quia
1959 3921 2085 3976 Dominrrs
2105 3937 2158 3977 non

1371 4017 1475 4074 proterat
1486 4007 1674 4063 transformare
1686 4022 1792 4063 carnem
1807 4023 1893 4077 suam,
1909 4009 1998 4064 utalia
2013 4026 2104 4066 resera
2115 4026 2159 4066 cs·
2244 4064 2247 4068 .

1370 4106 1410 4151 set
1422 4098 1535 4168 efligies,
1547 4114 1599 4153 non
1610 4114 1688 4169 qnam
1701 4100 1823 4155 solebant
1837 4099 1875 4154 illi
1886 4102 2003 4156 corrtueri
2015 4116 2024 4167 ;
2036 4100 2157 4172 quando-

1370 4187 1476 4258 quidem
1488 4198 1515 4244 et
1527 4199 1588 4245 anto
1601 4191 1751 4261 passionem
1769 4205 1842 4245 stram
1858 4189 2060 4246 transformatus
2075 4202 2116 4247 est
2131 4193 2156 4246 in

1370 4288 1507 4347 monte,ut
1520 4279 1599 4336 iacies
1609 4282 1666 4351 ejus
1675 4282 1833 4338 claresceret
1844 4283 1911 4337 sicut
1922 4282 1962 4337 sol
1973 4281 2078 4358 (iloni.
2092 4299 2156 4356 ιιιι,Ι

1370 4373 1419 4442 ἳιε
1434 4375 1511 4443 quale
1524 4375 1579 4429 ιιιΙι
1591 4376 1662 4429 enim
1680 4389 1777 4446 corpus
1797 4375 1829 4431 dc
1842 4374 2027 4446 qualicumque
2047 4390 2161 4446 corporo

1371 4482 1463 4521 rernm
1476 4468 1510 4523 dc
1525 4483 1588 4523 roro
1601 4468 1678 4535 facit,
1694 4469 1737 4537 qni
1757 4468 1789 4522 dc
1803 4485 1869 4539 aqua
1885 4484 1946 4523 rora
1964 4483 2055 4523 rernm
2069 4470 2157 4522 uinum

1372 4558 1433 4612 feeit
1444 4557 1532 4627 (fourr.
1545 4561 1626 4625 n,i-i
1636 4561 1659 4628 l)
1670 4577 1676 4618 ;
1689 4560 1735 4614 scd
1745 4575 1798 4614 ιιιιιι
1809 4560 1843 4615 ita
1855 4559 1962 4624 fecorat,
1971 4576 2030 4614 eum
2038 4563 2160 4631 apparuit

1371 4648 1421 4703 illis
1435 4649 1537 4704 duobus
1552 4649 1577 4703 in
1591 4649 1640 4703 alia
1654 4648 1750 4718 effigie.
1767 4649 1822 4704 iton
1838 4649 1909 4704 enim
1923 4649 1992 4704 sieut
2004 4659 2061 4703 erat
2073 4665 2157 4721 appa-

1371 4742 1422 4795 ruit
1440 4741 1478 4796 cis
1494 4744 1517 4807 ¹,
1533 4755 1644 4813 qnorum
1659 4742 1728 4797 oculi
1751 4741 1906 4797 tenebantur
1929 4757 1962 4796 oe
1984 4751 2159 4811 agnoscerent

1371 4848 1442 4889 eorm.
1461 4833 1519 4888 Non
1534 4843 1621 4888 autem
1637 4832 1840 4903 incongruenter
1849 4831 1993 4902 accipimus
2007 4831 2058 4887 hoe
2072 4833 2157 4900 impe·

1370 4924 1516 4980 diruentum
1530 4926 1557 4980 in
1571 4926 1654 4980 oculis
1673 4939 1765 4980 eorum
1782 4940 1796 4977 a
1814 4932 1905 4978 snam
1920 4924 2010 4987 foisse,
2026 4938 2059 4979 nc
2072 4939 2156 4994 agno·

1370 5025 1488 5069 serretur
1501 5015 1577 5072 lesus
1589 5035 1596 5071 ε
1609 5015 1655 5071 scd
1668 5025 1754 5071 tannen
1765 5031 1780 5070 a
1790 5015 1895 5070 Christo
1908 5022 1948 5070 est
1961 5014 2027 5069 laeta
2041 5017 2157 5085 permis-

1369 5106 1409 5159 sin
1424 5106 1554 5176 usquead
1568 5115 1760 5162 sacrnrncntunr
1774 5106 1866 5176 panis,
1881 5115 1909 5161 ιιι
1924 5108 2024 5162 unitate
2039 5110 2160 5180 corporis

1370 5199 1426 5268 ejus
1441 5201 1605 5269 participata,
1624 5200 1754 5255 remoreri
1768 5199 1927 5270 intelligatur
1938 5200 2158 5271 impedimentum

1370 5291 1479 5357 inimici,
1495 5301 1523 5345 ut
1536 5290 1655 5345 Christus
1671 5290 1754 5360 possit
1765 5290 1884 5360 agitesei.

1406 5383 1449 5435 75.
1470 5381 1534 5436 Nam
1546 5382 1617 5451 ipsos
1630 5396 1689 5436 esse
1709 5381 1775 5436 istos
1787 5380 1821 5437 de
1835 5382 1930 5451 quihus
1943 5393 1970 5438 et
1980 5384 2081 5438 llarcus
2094 5400 2158 5438 rrar-

1369 5484 1419 5540 rat,
1438 5474 1600 5529 credendum
1615 5482 1669 5537 est:
1687 5476 1748 5545 quia
1759 5474 1822 5530 dicit
1839 5476 1909 5545 ipsos
1922 5486 2014 5531 crtrrtcs
2024 5476 2158 5529 nurniasse

1369 5568 1491 5624 caeteris:
1506 5569 1574 5623 sinn
1589 5569 1673 5624 leucas
1685 5568 1748 5623 dien
1761 5584 1806 5624 cos
1821 5577 1957 5637 surgentes
1971 5565 2062 5622 eadem
2076 5564 2155 5632 liora,

1404 5729 1412 5761 ¹
1426 5726 1486 5777 editi
1499 5741 1505 5776 :
1519 5736 1568 5778 ,ιόιι
1580 5727 1643 5778 enirn
1654 5726 1722 5777 elder
1733 5739 1804 5788 quom
1822 5729 1881 5784 erut,
1894 5718 2069 5793 nuncnune
2080 5732 2157 5783 eppo·

1370 5786 1419 5839 ruit
1429 5786 1473 5840 eia.
1487 5796 1514 5838 nt
1526 5796 1577 5838 nm.
1589 5795 1672 5839 carent
1694 5788 1731 5836 his
1742 5786 1847 5844 rocihus,
1869 5785 1937 5834 nlrter
1948 5794 2019 5854 qumn
2029 5788 2081 5831 erut
2095 5781 2156 5846 areg

1369 5863 1424 5913 quae
1436 5851 1602 5912 imprudenter
1613 5850 1698 5899 addite
1707 5848 1811 5906 fuerant,
1822 5859 1870 5896 non
1882 5845 1956 5908 prone
1968 5842 2092 5915 rnteflruto
2103 5856 2157 5892 rer·-

1369 5911 1410 5971 bo,
1423 5909 1546 5976 apperuit,
1559 5911 1623 5974 quod
1642 5911 1680 5959 hie
1692 5922 1743 5970 pre.
1754 5906 1817 5958 nene
1827 5912 1872 5967 eat,
1913 5907 1948 5977 nit
1959 5913 2118 5977 tugntstrnus;
2129 5913 2157 5955 et

1369 5973 1495 6030 christum,
1507 5973 1602 6036 quando
1612 5970 1659 6023 illis
1669 5970 1762 6019 duobus
1772 5970 1796 6018 io
1804 5966 1850 6018 alia
1863 5981 1878 6018 e
1920 5981 1944 6017 rc
1952 5978 2026 6038 'risus
2036 5969 2093 6023 furt,
2106 5978 2158 6030 uoq

1370 6048 1421 6096 prop
1430 6042 1498 6083 terea
1509 6032 1670 6083 transformata
1681 6043 1722 6078 sua
1731 6042 1803 6079 eune
1815 6030 1920 6093 ehigiem
1928 6029 1998 6100 atram
2008 6038 2094 6076 rere-a
2104 6040 2110 6088 q
2120 6039 2154 6075 ne

1368 6109 1397 6145 se
1409 6097 1494 6147 tulisse
1506 6097 1589 6157 probat
1600 6094 1643 6142 bac
1654 6094 1756 6151 ratione,
1767 6092 1825 6154 qtria
1835 6092 1856 6141 si
1867 6091 1998 6141 ridentium
2008 6088 2070 6139 octtli
2082 6096 2156 6138 teue-

1369 6156 1456 6206 hantur
1468 6169 1500 6206 ne
1512 6167 1566 6205 enm
1609 6160 1746 6212 noscerent,
1763 6154 1873 6216 sequitur
1883 6159 1910 6205 ut
1920 6163 1967 6204 non
1983 6151 2007 6202 lu
2019 6161 2070 6214 tpsa
2081 6161 2156 6214 quam

1369 6230 1459 6281 turmae
1469 6216 1589 6268 fereoatc
1607 6218 1612 6228 '
1632 6216 1654 6265 'e
1667 6216 1732 6267 risus
1743 6215 1781 6266 cis
1791 6214 1870 6265 btcrit.

1399 6295 1580 6363 trimme·
