5709 7534
516 815 570 875 usi

517 933 599 987 mille.
613 928 641 986 Si
656 926 776 1001 possides
787 923 914 991 amicum,
925 921 951 976 in
962 913 1110 976 tentatione¹
1120 926 1227 989 possaue
1236 931 1309 981 eum3

516 1031 545 1078 et
563 1035 616 1077 nou
632 1019 708 1075 lacile
721 1016 817 1073 credas
829 1014 867 1072 illi
881 1011 1050 1082 temetipsum
1065 1010 1087 1066 ¹.
1100 1005 1311 1084 deterrimami·

515 1127 566 1170 cns
579 1110 726 1168 seeundum
745 1118 851 1179 tempus
869 1119 965 1172 mum,
978 1110 1006 1159 ct
1020 1115 1074 1157 non
1096 1095 1262 1170 permanebit
1281 1093 1310 1150 ln

516 1204 562 1261 die
574 1201 772 1259 tribulationis:
787 1207 865 1256 etest
874 1198 977 1253 amiens
987 1191 1034 1266 qui
1049 1189 1201 1263 egreditur¹
1214 1188 1248 1243 ad
1262 1186 1312 1243 iui-

518 1296 647 1354 nticitiam
661 1311 669 1350 ι
682 1302 710 1351 οι
729 1300 771 1350 est
786 1291 886 1347 amicus
898 1287 944 1359 qul
955 1284 1047 1343 odium
1060 1291 1088 1338 et
1106 1281 1191 1337 rixam
1203 1289 1231 1336 et
1244 1294 1310 1335 con·

516 1388 587 1446 stota
598 1383 757 1444 denudabit.
771 1378 819 1440 Est
831 1388 920 1436 autem
934 1375 1036 1432 amicus
1048 1373 1137 1429 socius
1151 1385 1269 1437 meuse,
1284 1378 1312 1427 et

517 1494 572 1535 non
594 1473 760 1547 permanebit
778 1472 804 1526 in
818 1471 863 1527 die
879 1460 1060 1526 'necessitatis
1076 1463 1186 1519 Amicus
1203 1462 1226 1518 si
1247 1476 1310 1533 per·

516 1568 649 1627 manuscrit
659 1566 743 1632 daus,
753 1564 804 1621 erit
817 1562 864 1624 tibi
874 1559 949 1632 quasi
963 1554 1124 1627 comqmlis,
1136 1561 1164 1608 et
1177 1553 1204 1639 in
1217 1552 1310 1609 dome·

518 1662 595 1719 stiria
608 1659 661 1716 tuis
676 1654 835 1713 iiduclaliter
846 1657 915 1723 aget*
931 1649 959 1706 Si
977 1644 1158 1703 humiliaverit
1176 1658 1206 1699 se
1218 1650 1310 1698 contra

518 1760 558 1820 te,
570 1759 599 1807 et
611 1765 627 1806 a
641 1747 710 1804 lacis
722 1756 766 1801 tua
776 1740 946 1799 absconderit
967 1752 1013 1803 se,
1032 1733 1186 1791 unanimem
1201 1731 1311 1787 babebis

518 1841 665 1899 amicitiam
680 1839 787 1893 bonam
803 1833 845 1889 Ab
864 1829 978 1885 inimicis
1001 1827 1053 1882 tuis
1074 1838 1214 1895 separare3
1230 1828 1257 1877 et
1277 1820 1312 1876 ab

518 1934 615 1990 amicis
633 1930 685 1986 tuis
704 1926 822 1984 attende.
835 1924 944 1981 Amicus
963 1908 1048 1976 idelis
1061 1915 1192 1988 protectio
1211 1913 1309 1969 lortis:

518 2025 565 2097 uui
580 2032 672 2080 autem
686 2018 787 2076 incenit
801 2017 893 2081 illum,
916 2012 1017 2068 inuenit
1036 2010 1200 2066 thesaurum.
1218 2004 1311 2061 Amico

519 2114 595 2172 iideli
606 2111 681 2170 nulla
691 2118 733 2167 est
744 2109 921 2177 comparatio,
935 2112 962 2160 et
972 2116 1025 2157 non
1037 2109 1079 2156 est
1090 2099 1168 2169 digna
1177 2094 1311 2168 poudera·

519 2209 558 2265 tio
570 2206 630 2263 auri
644 2213 672 2261 et
681 2202 784 2274 armorui
796 2208 889 2256 coutra
908 2195 1054 2252 bonitatem
1070 2191 1131 2246 udct
1144 2189 1224 2245 iltius.
1237 2188 1312 2243 Ami-

519 2313 570 2355 cus
581 2296 687 2361 tidelis,
704 2292 928 2349 medicamentum
940 2286 1001 2340 rite
1012 2294 1040 2339 et
1052 2279 1272 2344 immortalitatis3
1285 2285 1313 2334 et

519 2390 567 2462 qui
589 2386 712 2444 metuunt
730 2382 889 2446 bominum,
911 2375 1048 2433 inueniunt
1060 2372 1145 2428 ilium.
1164 2369 1215 2437 Qui
1238 2368 1313 2424 timet

522 2483 624 2548 benna,
636 2491 714 2550 eque
724 2472 834 2530 babebit
847 2468 991 2526 amicitiam
1002 2465 1118 2529 bonam
1131 2460 1255 2532 quonlam
1268 2458 1309 2513 sc·

520 2564 639 2622 eundum
648 2562 723 2618 illum
735 2557 787 2615 erit
797 2557 899 2611 anricus
911 2552 992 2608 illius.
1005 2548 1056 2604 Fili
1068 2588 1076 2612 ,
1088 2545 1256 2616 ajurcutute
1269 2551 1313 2596 tua

521 2649 616 2719 excipe
624 2645 786 2710 doctrinam,
796 2650 823 2696 et
839 2652 922 2710 risque
932 2634 967 2698 ad
981 2646 1063 2690 carros
1075 2628 1197 2685 inuenies
1208 2624 1314 2696 sapien·

522 2742 598 2797 tiam.
608 2736 689 2806 Quasi
700 2735 722 2792 is
731 2732 777 2804 qui
789 2737 849 2787 arat
859 2737 888 2785 et
897 2725 1021 2792 seminat,
1033 2719 1131 2778 aceede
1143 2717 1178 2774 ad
1190 2717 1274 2783 illam,
1286 2722 1315 2772 et

522 2830 628 2888 sustine
643 2827 729 2883 bonos
741 2824 843 2878 tructus
855 2818 936 2874 iliius.
949 2814 978 2872 lu
996 2828 1078 2883 opere
1087 2810 1160 2867 eninr
1174 2808 1246 2864 illius
1259 2805 1316 2863 eri·

521 2934 605 2991 prtum
617 2914 761 2979 laborabis,
775 2920 802 2968 et
813 2910 868 2966 cito
879 2907 945 2964 edes
957 2904 992 2962 de
1005 2900 1220 2975 generationibus
1234 2897 1314 2954 iilius.

521 3011 610 3080 eram
617 3020 712 3078 aspera
720 3010 761 3060 est
772 3000 882 3058 nimium
893 2995 1021 3066 sapientia
1032 2991 1145 3048 indoctis
1153 2987 1315 3056 bominibus,

522 3109 552 3156 ct
563 3112 617 3154 non
630 3090 796 3168 peruranebit
809 3089 836 3145 iu
844 3088 889 3144 illa
899 3098 994 3143 excors
1004 3081 1025 3136 ⁸.
1034 3080 1114 3152 Quasi
1125 3078 1221 3150 lapidis
1230 3081 1317 3135 uirtus

525 3187 650 3261 probatio
660 3184 712 3242 crit
723 3182 752 3239 iu
766 3179 835 3247 illis,
848 3184 877 3236 ct
895 3190 948 3232 non
965 3171 1174 3231 demorabuntur
1186 3168 1317 3240 projicere

518 3280 608 3348 illam.
622 3275 656 3333 Et
669 3283 726 3349 post
741 3272 805 3328 deor
816 3285 901 3326 sersus
914 3282 925 3324 .·
936 3265 1038 3335 Quibus
1050 3272 1140 3320 autent
1156 3259 1244 3332 agnita
1256 3267 1317 3323 est,

526 3376 668 3443 permanet
679 3365 690 3399 ⁸
703 3378 788 3435 usuue
800 3361 834 3418 ad
851 3366 1024 3430 conspectum
1043 3354 1102 3414 boi.
1120 3351 1207 3418 Audi,
1222 3349 1277 3418 uli,
1290 3357 1318 3405 et

524 3464 617 3534 accipe
627 3458 769 3517 consilium
787 3453 937 3512 itttellectus
948 3490 957 3517 ‚
969 3458 998 3505 et
1009 3462 1043 3504 ne
1052 3445 1164 3517 abjicias
1176 3442 1316 3499 eonsilium

525 3571 627 3614 nreum.
650 3551 732 3623 injice
745 3546 842 3623 pedem
864 3555 938 3602 tuum
953 3543 980 3599 iu
992 3537 1135 3610 compedes
1148 3537 1237 3603 illius,
1250 3542 1278 3591 et
1291 3533 1318 3590 iu

526 3658 650 3719 uirquem
663 3644 723 3714 cius
738 3640 837 3698 collum
850 3647 935 3694 tuum.
948 3633 1056 3705 Subjice
1070 3631 1211 3687 bumemm
1225 3639 1316 3693 tuum,

525 3749 554 3796 et
567 3746 644 3810 prrta
656 3735 747 3802 illam,
764 3741 791 3788 et
810 3744 845 3787 ne
858 3726 987 3812 acedieris
999 3721 1111 3780 riumlis
1121 3720 1191 3791 ejus.
1205 3718 1233 3775 lu
1246 3718 1319 3774 omui

525 3831 616 3887 auimo
631 3837 677 3886 tuo
694 3824 792 3883 accedo
809 3823 844 3878 ad
864 3821 957 3885 illam.
978 3825 1006 3874 et
1026 3815 1054 3872 iu
1076 3813 1149 3870 omrri
1165 3810 1262 3868 uirtute
1275 3818 1319 3864 tua

526 3938 605 3979 serra
616 3919 673 3976 rias
685 3917 754 3988 eius.
765 3913 895 3984 terreum
909 3910 1027 3977 illarn‚ct
1037 3903 1250 3962 manifestabitur
1259 3900 1318 3966 tibi;

527 4025 555 4070 et
565 4012 707 4070 continent
718 4006 805 4064 laetum
825 4020 860 4061 ne
879 4000 1056 4072 dereliqueris
1067 4013 1127 4054 eam
1142 4014 1150 4054 ε
1167 3997 1194 4052 iu
1208 3993 1322 4050 novissi·

529 4104 581 4160 mis
594 4097 801 4158 enimimeuies
818 4092 937 4164 requiem
951 4091 978 4145 in
990 4104 1041 4152 ea.
1053 4094 1082 4143 et
1093 4092 1263 4144 convertetur
1272 4082 1320 4138 tibi

529 4194 556 4249 in
568 4189 785 4253 oblectationem
797 4195 823 4241 et
836 4191 914 4240 erunt
926 4180 973 4238 tibi
984 4174 1165 4249 compedesin
1178 4172 1323 4245 protectio-

529 4298 592 4338 nem
606 4255 767 4337 fortitudinis
779 4286 806 4333 ct
824 4276 902 4330 bases
914 4269 1036 4335 virtutis,
1050 4277 1078 4325 et
1091 4276 1199 4338 torques
1210 4264 1282 4321 illius
1293 4262 1321 4320 iu

529 4373 627 4429 stolam
639 4370 743 4444 glorta.
758 4366 790 4421 Ει
805 4373 863 4438 post
875 4371 985 4435 quotuor
996 4376 1082 4419 omiss
1092 4375 1105 4417 ·.·
1117 4357 1183 4426 Fili,
1197 4357 1220 4416 si
1232 4365 1323 4414 auen·

530 4466 603 4524 deris
616 4463 701 4531 milri,
713 4461 801 4519 disces
815 4460 844 4526 ⁸;
858 4468 886 4514 et
905 4456 928 4514 si
942 4452 1185 4514 accommodaveris
1204 4451 1323 4516 animan

531 4569 622 4625 tuam,
643 4555 750 4626 sapiens
767 4551 831 4610 eris.
844 4548 914 4605 Etsi
926 4545 1099 4604 inclinaveris
1114 4559 1207 4602 aurern
1228 4554 1321 4610 tuam.

530 4648 650 4721 excipies
663 4645 832 4712 doctrinam;
846 4649 875 4699 οι
892 4640 915 4696 si
934 4636 1060 4696 dilexeris
1079 4635 1194 4704 audire.
1215 4634 1322 4706 rapieris

531 4742 597 4800 eris.
611 4738 641 4796 lu
653 4735 822 4796 multitudine
835 4731 1051 4806 presbyterorum
1073 4727 1243 4799 pmdeutium
1260 4733 1321 4793 sta.

532 4844 560 4893 et
573 4830 712 4905 sapientie
724 4828 832 4888 illorum
845 4838 880 4881 οι
890 4821 973 4881 eorde
982 4818 1161 4891 coniungere,
1175 4825 1205 4873 ut
1215 4817 1323 4872 omnem

532 4926 714 4985 narrationem
727 4922 773 4979 bei
784 4918 872 4993 possis
882 4915 986 4982 andire,
998 4920 1026 4969 et
1039 4909 1178 4983 proverbia
1192 4907 1325 4964 laudisne

533 5018 661 5090 eluebat
670 5024 707 5072 te.
722 5013 756 5070 Et
768 5007 899 5067 sirideris
909 5011 1063 5069 sensuum,
1075 4998 1169 5071 crinita
1181 4997 1215 5054 ad
1230 4997 1323 5065 ilium,

533 5121 562 5167 et
579 5107 677 5183 gradus
689 5103 819 5162 ostiorum
833 5100 903 5156 illius
914 5103 1018 5154 exterat
1029 5107 1076 5165 pes
1090 5099 1161 5154 inus.
1175 5087 1326 5160 Cogitatum

534 5200 605 5258 ltabe
624 5198 651 5256 in
664 5193 803 5269 preceptis
812 5191 878 5259 bei,
896 5197 925 5246 et
941 5188 969 5244 in
981 5182 1114 5242 mandatis
1126 5180 1198 5238 illius
1212 5178 1327 5236 manitus

533 5292 741 5355 assidmrsestm
753 5286 849 5356 etipse
862 5280 936 5339 dabit
945 5293 992 5336 oor
1005 5275 1063 5346 tibi,
1075 5281 1104 5333 et
1112 5269 1327 5345 concupiscentia

535 5383 673 5457 sapientiae
686 5378 792 5436 dabitur
805 5374 862 5431 tili.

572 5471 646 5552 [rm]
666 5470 727 5529 ttou
744 5469 832 5526 lacere
850 5463 936 5531 mala,
950 5469 979 5518 et
995 5473 1049 5516 non
1068 5466 1094 5515 te
1115 5455 1327 5529 apprehendent.

537 5567 653 5628 liiseede
670 5565 705 5622 ab
722 5560 830 5633 iniquo,
843 5567 872 5613 ct
882 5554 1009 5613 delicieut
1022 5549 1092 5608 mala
1102 5550 1151 5608 abs
1163 5558 1200 5606 ιο.
1213 5546 1273 5605 rion
1287 5562 1332 5606 se·

537 5662 626 5720 mines
645 5655 716 5714 mala
738 5654 764 5710 iu
783 5649 864 5707 sulcis
878 5645 1032 5718 injustitie,
1043 5651 1072 5701 et
1087 5656 1142 5699 non
1161 5650 1290 5700 mesca
1302 5638 1329 5696 in

540 5749 701 5825 septuplum.
715 5741 776 5803 Noli
795 5753 918 5814 quemne
928 5738 963 5794 ab
981 5731 1111 5792 bomine·
1129 5731 1268 5801 demtum,
1281 5745 1331 5790 ne-

577 5862 588 5956 :
604 5861 750 5987 {gleannean
776 5851 1135 5973 &affirmabimus

576 5983 589 6141 Ξ
606 5985 836 6118 grimm.
845 6043 884 6112 tt.
897 6041 955 6094 tto.
968 6039 1035 6134 tarta
1046 6017 1333 6157 trigies-met.

544 6103 1098 6262 ,mutmaaatru··e··
1133 6109 1172 6168 ⁶2
1222 6105 1252 6145 ··
1304 6128 1335 6180 .·

606 6232 731 6316 Sta-ettam
741 6230 765 6282 ln
777 6229 881 6292 anuum
895 6225 965 6279 boib.
984 6221 1077 6275 bibliis·
1094 6218 1164 6274 uuae
1179 6221 1261 6286 sulen
1271 6211 1332 6268 ld·

1130 801 1175 860 uu
1188 796 1378 858 scumtttta
1394 800 1517 860 sscttt.

1362 927 1441 982 qrrea
1456 929 1520 986 repe
1531 914 1685 975 cathedram
1698 918 1820 981 boaorls.
1833 919 1891 981 lion
1908 930 1936 982 to
1944 923 2075 997 lumidces
2088 939 2152 985 ants

1362 1002 1465 1071 lleum;
1477 1007 1604 1076 quoniam
1627 1011 1731 1079 spuitur
1748 1014 1837 1070 cordis
1862 1016 1919 1087 ipss
1941 1024 1983 1074 est
1998 1034 2006 1073 ε
2020 1025 2048 1074 οι
2070 1031 2152 1089 penes

1363 1107 1452 1162 regem
1463 1096 1517 1150 noli
1528 1097 1596 1153 reite
1608 1099 1691 1156 rideri
1701 1102 1818 1173 sapiens.
1834 1104 1892 1161 Noli
1905 1120 2027 1180 querere
2041 1108 2097 1164 lieri
2106 1107 2152 1178 lu·

1362 1185 1431 1255 dex,
1444 1188 1496 1243 nisi
1514 1189 1537 1244 si
1553 1191 1625 1247 cales
1638 1193 1736 1250 virtute
1748 1196 1896 1269 irrumpere
1909 1200 2063 1272 iniquitatis
2074 1202 2102 1266 *ς
2117 1215 2154 1262 ne

1362 1280 1432 1337 lorte
1444 1283 1618 1341 extremiscas
1636 1285 1731 1344 laciem
1749 1292 1878 1361 potentis,
1891 1302 1919 1350 et
1940 1301 2024 1365 ponas
2035 1295 2151 1352 scande·

1363 1370 1417 1425 lum
1431 1371 1458 1427 in
1469 1373 1586 1444 agilitate
1598 1382 1643 1431 tua
1652 1377 1674 1431 ¹.
1687 1377 1744 1432 Non
1758 1394 1852 1449 pecces
1862 1380 1888 1437 iu
1904 1384 2099 1450 multitudinem
2108 1384 2134 1440 ci
2148 1416 2150 1420 .

1361 1462 1469 1532 uitatis,
1483 1480 1533 1521 nec
1552 1474 1579 1522 te
1593 1468 1720 1525 immittas
1742 1470 1769 1526 in
1785 1474 1930 1543 pupulum:
1948 1492 2034 1548 neque
2055 1477 2142 1548 abige.

1362 1554 1477 1625 duplicia
1494 1568 1602 1628 peecata
1609 1577 1619 1628 ;
1635 1575 1685 1617 nec
1695 1563 1766 1617 cuim
1777 1563 1803 1618 in
1817 1579 1870 1619 uno
1879 1568 1932 1622 eris
1944 1567 2080 1623 immunis.
2092 1567 2141 1623 Nol

1362 1660 1423 1702 esse
1445 1649 1621 1718 pusillanimis
1642 1652 1669 1707 in
1691 1653 1779 1709 anima
1794 1638 1847 1710 tua.
1865 1655 1999 1725 Exorare,
2014 1666 2042 1713 et
2064 1656 2152 1715 lacere
2214 1706 2226 1716 a

1362 1737 1559 1812 eleemosynam
1572 1757 1624 1797 non
1636 1742 1778 1814 despicias.
1792 1745 1831 1801 Ne
1841 1747 1929 1813 dicas,
1945 1747 1972 1804 lu
1984 1748 2152 1805 multitudiue

1362 1843 1505 1885 munerum
1527 1847 1647 1887 meorum
1666 1834 1791 1905 respiciet
1815 1836 1958 1903 bantinus,
1972 1845 1999 1892 et
2021 1835 2150 1893 oilerente

1364 1933 1407 1976 me
1420 1920 1477 1976 beo
1495 1921 1641 1985 altissimo,
1654 1923 1782 1992 suscipiet
1796 1940 1905 1980 murrera
1924 1940 1994 1981 mea.
2016 1925 2074 1982 Non
2094 1926 2155 1982 irri-
2203 1951 2206 1958 ·

1362 2008 1428 2065 deas
1442 2009 1577 2067 bominem
1597 2012 1623 2066 in
1643 2012 1819 2069 amaritudine
1831 2015 1927 2070 animae
1941 2031 1948 2069 ε
1962 2023 2004 2071 est
2023 2017 2095 2072 enim
2107 2016 2154 2087 qui

1364 2101 1486 2158 benuliut
1498 2112 1526 2159 et
1538 2104 1638 2159 cratim
1650 2103 1719 2159 boue
1734 2104 1754 2159 ¹.
1768 2104 1825 2160 Noli
1840 2121 1917 2163 arare
1927 2106 2094 2163 mendacium
2107 2107 2155 2163 ad·

1363 2205 1459 2247 versus
1477 2191 1586 2247 iratrem
1598 2202 1689 2259 tuum,
1705 2209 1791 2266 neque
1812 2195 1837 2250 in
1851 2195 1965 2251 aericum
1978 2196 2101 2252 similiter
2113 2196 2154 2250 la-

1363 2284 1431 2339 cius.
1445 2283 1504 2339 Noli
1520 2285 1588 2340 telle
1604 2287 1710 2341 mentiri
1723 2301 1803 2343 orune
1815 2289 1982 2345 rnerrdaeium
1994 2306 2001 2342 :
2013 2289 2155 2345 assiduitas

1363 2376 1436 2430 enirn
1448 2375 1520 2432 iilius
1531 2391 1584 2431 non
1597 2385 1638 2432 est
1649 2376 1716 2433 bona
1727 2377 1748 2432 ⁸.
1759 2377 1819 2434 Noli
1833 2380 1960 2436 verbosus
1971 2395 2031 2436 esse
2044 2379 2071 2435 in
2084 2380 2156 2437 mul·

1365 2466 1477 2523 titudine
1486 2468 1713 2540 presbyterorum.
1732 2468 1765 2525 Ei
1775 2480 1831 2540 post
1840 2470 1971 2525 duodecim
1980 2487 2064 2526 oetam
2075 2488 2085 2526 .·
2096 2470 2154 2527 Non

1366 2559 1450 2615 indas
1471 2576 1577 2617 seruum
1592 2571 1748 2632 operantem
1763 2563 1789 2617 in
1804 2563 1932 2627 ueritate,
1949 2578 2034 2633 raeque
2049 2578 2155 2619 merce·

1366 2651 1472 2710 uarium
1494 2650 1601 2706 dautem
1622 2651 1737 2706 animam
1761 2666 1847 2706 stram.
1862 2651 1961 2707 Seruus
1979 2661 2101 2708 seusatus
2121 2653 2159 2708 sit

1367 2740 1413 2796 tibi
1421 2739 1535 2798 dilectus
1547 2731 1623 2812 quasi
1637 2741 1725 2795 auirna
1740 2750 1782 2796 tua
1794 2757 1800 2794 :
1812 2756 1865 2796 nou
1878 2740 2021 2796 defraudes
2035 2741 2108 2796 illum
2124 2742 2157 2796 li·

1367 2832 1490 2897 lrertate,
1505 2848 1591 2902 nuptie
1610 2832 1718 2902 inopem
1733 2832 1866 2902 relinquas
1880 2832 1963 2887 illum.
1978 2830 2012 2886 Et
2027 2842 2083 2904 post
2094 2833 2158 2889 duos

1367 2942 1454 2982 casus
1469 2942 1479 2981 .·
1494 2925 1554 2982 Filii
1577 2925 1624 2981 tibi
1646 2923 1812 2981 sutttlerudi
1838 2925 1914 2989 ilios,
1929 2935 1955 2979 et
1976 2939 2056 2980 curra
2070 2925 2130 2979 illos
2143 2939 2158 2979 a

1368 3015 1480 3086 partcrltia
1491 3015 1607 3071 illorum.
1625 3015 1725 3072 Pecora
1741 3014 1786 3070 tibi
1800 3014 1882 3070 surut
1894 3014 2002 3070 attende
2015 3014 2068 3069 illis
2078 3016 2099 3067 ⁸.
2116 3013 2158 3068 Fi·

1369 3107 1411 3161 liae
1426 3106 1473 3174 tibi
1487 3106 1565 3162 senti
1577 3120 1652 3162 serra
1667 3120 1765 3176 corpus
1784 3105 1906 3167 illarum.
1922 3116 1950 3159 et
1963 3120 2015 3159 rron
2028 3103 2159 3161 osterrdas
2246 3152 2253 3164 .

1369 3197 1481 3253 trilarem
1494 3196 1588 3253 laeicm
1601 3206 1673 3252 tuam
1685 3179 1719 3251 ad
1733 3195 1801 3251 illas.
1813 3194 1900 3251 Trade
1910 3194 2006 3262 iliam,
2019 3203 2046 3250 et
2059 3192 2159 3265 prande

1368 3302 1437 3356 apriis
1458 3286 1569 3353 leceris:
1583 3296 1611 3343 ct
1628 3285 1729 3342 bomini
1748 3295 1859 3343 sensato
1877 3284 1910 3341 da
1934 3270 2016 3340 illam.
2030 3283 2123 3341 iluller
2135 3284 2159 3340 si

1368 3387 1411 3434 cst
1424 3377 1470 3433 tibi
1483 3376 1630 3434 seeundum
1644 3377 1761 3432 animam
1772 3384 1856 3443 tuam,
1866 3392 1919 3432 nau
1933 3375 2057 3448 projicias
2069 3375 2159 3441 illamt

1369 3478 1398 3526 οι
1409 3468 1500 3525 odibili
1513 3483 1567 3524 non
1580 3468 1675 3525 credas
1686 3475 1713 3523 to
1726 3467 1752 3522 in
1764 3475 1823 3523 toto
1836 3468 1927 3523 corde.
1939 3467 2046 3522 lionora
2059 3455 2179 3538 patrem

1369 3572 1465 3628 tunm.
1480 3570 1508 3617 et
1521 3557 1636 3633 gemitus
1655 3559 1750 3616 matris
1772 3566 1826 3616 tear
1849 3574 1884 3615 nc
1904 3543 2081 3615 obliviscaris.
2105 3555 2162 3613 lle·

1370 3661 1463 3710 mento
1474 3654 1546 3710 euim
1556 3653 1681 3723 quoniam
1692 3652 1742 3707 nisi
1752 3665 1802 3723 per
1812 3651 1872 3706 ilios
1883 3659 1961 3706 natus
1971 3664 2024 3707 non
2034 3647 2130 3704 luisses
2138 3646 2161 3710 *ς

1370 3754 1398 3801 οι
1413 3744 1530 3801 retribue
1541 3743 1610 3806 illis.
1624 3742 1758 3816 utromodo
1779 3749 1807 3799 et
1827 3733 1869 3797 iiii'
1882 3739 1939 3797 tibi.
1954 3739 1983 3795 ln
2004 3746 2059 3796 tota
2071 3738 2161 3793 anima

1371 3845 1416 3893 tua
1426 3837 1492 3892 time
1505 3836 1634 3903 beum,et
1644 3833 1798 3891 sacerdotes
1810 3834 1880 3889 iliius
1892 3832 2040 3888 sanctiler.
2052 3827 2165 3886 inomni

1371 3928 1470 3983 uirtute
1482 3925 1564 3998 diligo
1582 3927 1668 3983 mum
1682 3927 1704 3993 ³,
1716 3925 1762 3996 qui
1777 3933 1803 3981 te
1816 3923 1894 3991 lecit;
1910 3932 1937 3979 et
1956 3922 2094 3977 ministros
2106 3919 2166 3989 eius

1373 4036 1427 4077 non
1440 4017 1620 4090 derclinquas.
1644 4015 1751 4073 lirinora
1776 4016 1859 4071 beum
1878 4031 1911 4070 ex
1929 4023 1984 4069 tota
1998 4012 2087 4068 anima
2102 4019 2164 4080 tua;

1373 4120 1400 4167 et
1413 4108 1558 4165 lrouorilica
1570 4106 1735 4164 sacerdotes.
1750 4104 1783 4160 Et
1797 4114 1853 4177 post
1872 4119 1918 4163 ses
1936 4117 2021 4158 uersae
2030 4116 2039 4156 .·
2049 4099 2084 4156 lit
2099 4115 2166 4172 pau-

1373 4200 1433 4272 perl
1447 4200 1552 4271 porrige
1562 4213 1669 4254 manum
1682 4205 1771 4262 tuam,
1786 4204 1815 4251 ut
1828 4194 1980 4266 perficiatur
1992 4192 2165 4249 benedictio·

1375 4300 1431 4347 toa.
1442 4290 1532 4348 Gratia
1547 4288 1646 4344 datus·
1660 4287 1688 4343 lu
1705 4293 1850 4358 conspeetu
1864 4283 1952 4340 omnis
1963 4282 2097 4350 uiuentis,
2111 4290 2167 4339 cta

1374 4392 1481 4442 mortuo
1493 4396 1546 4437 non
1560 4378 1703 4453 prohibeas
1712 4380 1835 4450 gratiam.
1848 4375 1905 4432 Nou
1916 4375 1988 4432 desis
1999 4374 2166 4446 plorantibus

1374 4473 1403 4530 in
1415 4472 1598 4530 consolatione
1608 4470 1641 4539 ¹⁸.
1653 4477 1681 4527 et
1693 4483 1754 4526 cum
1765 4466 1915 4539 lugentibus
1934 4466 2052 4522 ambula
2066 4466 2126 4523 lion
2139 4474 2167 4523 te

1375 4563 1466 4635 pigeat
1476 4561 1584 4618 uisitare
1597 4559 1733 4616 indrmum
1746 4574 1754 4613 a
1768 4573 1799 4615 ex
1821 4556 1863 4613 bis
1882 4557 1953 4612 euim
1976 4556 2003 4611 in
2024 4555 2168 4613 dilectione
2210 4561 2213 4568 '

1375 4653 1536 4711 ilrmaberis.
1547 4653 1577 4708 ln
1589 4650 1711 4708 omnibus
1720 4648 1847 4721 operibus
1856 4647 1908 4703 tuis
1915 4659 2064 4703 memorare
2074 4646 2168 4702 noris·

1376 4862 1434 4930 pata
1445 4853 1471 4904 in
1482 4850 1581 4905 cxmsls
1595 4841 1847 4911 liabetmboattlnm
1862 4842 2028 4908 luxum.
2045 4853 2108 4907 pern
2124 4848 2171 4892 str-

1376 4931 1457 5030 Πθήἶιι
1467 4976 1535 5041 prim
1545 4973 1625 5033 editis,
1636 4967 1748 5023 mimam
1757 4967 1893 5033 irrumpere
1903 4962 2043 5030 inimrltmls.
2054 4963 2172 5017 Emenda-

1379 5028 1972 5158 rtrmrffiaffigguiuffi'mnugiffifflrgi
1980 5085 2036 5139 aliis
2045 5084 2172 5151 plerisque

1379 5160 1459 5215 nttrttts
1470 5175 1476 5211 :
1489 5160 1534 5212 sod
1545 5158 1706 5232 suledtutum
1715 5161 1770 5215 est.
1780 5152 1809 5205 iu
1821 5150 1933 5218 eunucu
1948 5154 2007 5215 tue3
2015 5149 2086 5214 iuxta
2095 5160 2172 5213 praec.

1378 5219 1678 5343 mtezmugm‘mitet
1689 5273 1875 5341 circumspector
1885 5281 1960 5325 oeus.

1407 5347 1450 5421 §tt
1516 5349 1592 5401 ‘tts.,
1606 5353 1654 5391 rior
1665 5338 1742 5450 ml
1753 5335 1972 5451 metermissoebert
1985 5332 2172 5445 ademtae&

1381 5409 1509 5461 trtncorb
1520 5403 1719 5468 eminerem
1738 5400 1833 5465 emtor.
1844 5395 1892 5450 oult
1952 5396 2070 5463 σοοιιιαι,

1382 5472 1642 5593 Qissitmmnauus
1651 5524 1700 5596 iste
1709 5520 1779 5596 botas
1788 5521 1818 5573 ad
1828 5529 1862 5573 ttu
1904 5528 1962 5581 tarn,
1973 5520 1999 5569 ln
2009 5529 2056 5582 qua
2068 5489 2175 5585 serdus

1382 5572 2173 5723 ffimffliifflmmffirbi‘iirwffi

1415 5710 1755 5772 tuoxsmcmbcstaum
1770 5705 1921 5770 speoub‚et
1936 5693 2174 5764 auaruqatsnuuts

1382 5775 1600 5894 Ἥῗέιῗιι,
1632 5891 1638 5902 ,
1685 5824 1905 5902 ,ammone
1942 5811 1946 5816 '
2085 5878 2092 5891 .

1714 5897 1738 5943 st
1752 5888 1891 5942 tumetra
1903 5884 1993 5946 Abest,
2004 5876 2176 5949 morineias

1415 6027 1455 6073 tv
1518 5966 2175 6082 ''ff'uu.·auu0pm,nmu‚pamm

1566 6077 1772 6141 monuments
1788 6073 1848 6126 taus
1860 6069 1975 6124 werdt
1992 6068 2081 6132 nepius
2096 6061 2174 6115 orales

1384 6146 1962 6274 woiboensnmuamnumum
