5709 7534
537 812 604 869 mm
776 759 786 768 ³
1223 806 1325 865 utnun
1344 807 1470 866 antuus
1580 829 1583 834 ·
2097 824 2163 882 rme

623 922 737 981 CAPUT
752 921 871 979 mli.
882 949 920 966 -
932 921 1056 994 Epiloqsa
1066 920 1236 992 asperiorem.
1378 933 1440 975 com
1448 920 1526 977 ιιιΙιιιι
1535 923 1642 981 aeternis
1649 927 1882 999 contemplantium
1892 932 1989 989 veritas
2002 933 2165 1006 perlraatur,

531 1049 537 1065 .
570 1013 617 1071 52.
637 1013 717 1070 llulta
730 1014 792 1071 hinc
805 1013 933 1081 dicerem,
948 1014 1054 1069 nisime
1065 1012 1120 1082 jam
1133 1011 1231 1067 librum
1244 1011 1324 1066 istum
1380 1011 1459 1066 rebtts
1468 1024 1556 1072 atttem
1568 1016 1634 1072 ortis
1645 1018 1710 1075 ludes
1721 1021 2028 1095 credentiumdebeatur,
2039 1042 2165 1101 purgatur

535 1103 706 1172 concludere,
719 1114 799 1176 atque
810 1103 844 1159 ad
855 1104 1017 1175 propositam
1027 1102 1200 1158 intentionem
1215 1100 1323 1171 redire,
1379 1100 1460 1158 homo
1470 1117 1519 1173 per
1529 1120 1617 1162 rerum
1635 1111 1817 1181 temporalium
1835 1115 1933 1181 tidem,
1957 1127 1985 1174 ιιι
2005 1129 2164 1178 aeternarum

535 1196 652 1268 suscepti
664 1196 753 1268 operis
763 1198 908 1253 necessitas
921 1204 1038 1268 cogeret.
1049 1192 1114 1250 Cum
1126 1194 1199 1250 enim
1211 1208 1327 1264 euange-
1379 1193 1507 1264 pereipiat
1521 1197 1669 1254 veritatem.
1684 1200 1750 1258 Nam
1762 1212 1790 1259 et
1802 1206 1908 1276 quidam
1923 1224 2015 1266 eorum
2027 1213 2163 1270 nolrillssi·
2202 1227 2209 1242 ³

535 1288 791 1372 licasquestiones,
814 1287 860 1344 uhi
882 1287 1006 1344 ridentur
1026 1284 1185 1358 quibusdam
1211 1294 1326 1355 quatuor
1379 1301 1439 1342 mus
1458 1288 1632 1360 philosophus
1654 1292 1743 1361 Plato,
1767 1296 1842 1352 ineo
1861 1300 2163 1372 libroquemTitunnm

536 1377 714 1450 Evangelistar
729 1394 781 1434 non
800 1378 870 1434 inter
885 1387 1065 1442 scoonstare,
1081 1375 1186 1431 solrere
1200 1374 1329 1445 appretie-
1378 1386 1489 1444 voeant‚
1513 1378 1552 1434 sie
1576 1379 1632 1435 ait:
1650 1380 1806 1449 «Quantum
1821 1388 1854 1443 ad
1876 1389 1902 1444 id
1919 1392 1989 1461 quod
2015 1404 2101 1450 ortum
2122 1406 2164 1453 est

535 1482 600 1534 rer,
630 1476 659 1522 ut
681 1467 754 1538 potui
774 1468 901 1539 expositis
924 1466 1115 1522 intentionibus
1140 1465 1324 1535 singulorum,
1378 1465 1514 1522 aeternitas
1524 1468 1612 1535 valet,
1632 1479 1734 1526 tantum
1754 1473 1788 1528 ad
1810 1474 1887 1531 iidem
1901 1480 2007 1536 ueritas.
2023 1501 2033 1536 ι
2051 1484 2107 1540 lino
2121 1485 2167 1544 illa

535 1556 623 1625 primo
645 1556 711 1613 mihi
731 1556 926 1614 discutiendum
951 1555 1084 1622 occurrit,
1111 1552 1182 1627 quod
1205 1553 1325 1608 nonnulli
1379 1569 1487 1612 sursum
1498 1565 1569 1626 sunl,
1584 1560 1718 1617 aternius
1732 1570 1759 1618 et
1770 1566 1868 1620 veritas
1881 1583 1889 1620 :
1902 1568 1954 1624 dun
1968 1571 2017 1626 ista
2028 1572 2161 1641 deorsum,

532 1663 655 1720 quaerere
668 1648 764 1714 solem,
778 1664 827 1705 eur
838 1647 921 1719 ipsius
931 1647 1029 1704 Christi
1039 1646 1111 1704 nulla
1122 1645 1220 1716 scripta
1235 1644 1326 1716 prule·
1377 1645 1448 1717 quod
1459 1657 1546 1704 ortum
1559 1658 1619 1716 est,
1642 1659 1669 1708 et
1681 1652 1755 1709 tides.
1776 1652 1812 1710 lit
1824 1670 1887 1726 ergo
1900 1657 1934 1712 ah
1943 1659 2003 1714 imis
2015 1661 2048 1716 ad
2061 1678 2163 1724 stttnma

534 1754 634 1796 mutus.
649 1739 687 1796 lta
701 1740 772 1796 enim
790 1740 882 1795 volunt
902 1747 930 1795 et
950 1739 1036 1810 ipsum
1057 1736 1131 1794 credi
1151 1738 1242 1795 nescio
1262 1734 1326 1808 quid
1378 1750 1552 1803 revocemur,
1566 1747 1645 1812 atque
1658 1739 1684 1797 id
1697 1741 1767 1811 quod
1779 1751 1866 1799 ortum
1879 1754 1920 1800 est
1936 1747 2047 1818 recipiat
2056 1754 2162 1807 uterni-

534 1828 605 1885 allud
618 1830 757 1901 scripsisse
769 1829 840 1902 quud
849 1830 972 1900 diligunt,
982 1829 1100 1901 nihilque
1108 1829 1225 1886 sensisse
1232 1836 1326 1884 eontra
1378 1835 1471 1898 tatem,
1486 1829 1621 1900 peridem
1637 1832 1794 1890 veniendum
1805 1844 1844 1890 est
1856 1834 1889 1892 ad
1905 1838 2048 1893 ueritatem.
2058 1840 2092 1896 Et
2103 1843 2164 1912 quia

533 1919 600 1976 deos
614 1936 695 1990 suos,
713 1921 760 1977 sed
781 1936 828 1976 eos
847 1921 936 1992 potius
954 1921 1057 1994 magico
1076 1920 1128 1976 ritu
1148 1919 1264 1976 coluisse
1279 1927 1327 1976 :et
1377 1919 1467 1975 omnia
1481 1934 1540 1991 que
1549 1920 1575 1977 in
1584 1922 1747 1978 eontrarium
1756 1933 1877 1995 pergunt,
1887 1941 1934 1996 per
1942 1927 2039 1998 aliquid
2049 1931 2165 1988 medium

533 2009 679 2082 discipulos
692 2012 750 2082 ejus
763 2028 816 2067 non
831 2012 916 2067 solnm
932 2012 965 2067 de
979 2011 1024 2067 illo
1033 2009 1116 2068 inisse
1128 2011 1270 2078 mentitos,
1283 2010 1325 2066 di·
1378 2008 1559 2077 reducuntur,
1574 2011 1643 2068 etab
1654 2020 1753 2069 munta
1767 2013 1867 2085 justitia
1879 2018 2030 2087 temporalis
2042 2020 2165 2091 iniquitas

505 2143 507 2149 .
533 2096 620 2158 cctrdo
638 2104 712 2159 illum
732 2105 816 2159 Deum
835 2119 882 2175 per
895 2119 974 2175 quem
987 2103 1056 2160 faeta
1068 2103 1249 2168 suntomnla.
1264 2117 1325 2158 cnm
1377 2113 1427 2154 nos
1441 2099 1590 2168 alienabat;
1608 2116 1675 2173 opus
1693 2112 1825 2175 erqoerat
1838 2105 1925 2161 media
1941 2106 2042 2178 lustitia
2061 2118 2165 2180 tempo-

533 2192 604 2248 aliud
614 2193 678 2249 nihil
688 2209 767 2265 quam
777 2192 955 2262 homoinem,
967 2193 1326 2265 quamvisexeellentissimre
1377 2190 1439 2258 rali,
1453 2206 1513 2262 quae
1525 2192 1662 2261 medietas,
1676 2195 1828 2264 temporalis
1837 2203 1909 2252 osset
1919 2196 1954 2253 de
1964 2198 2023 2253 imis
2034 2199 2119 2269 ,justa
2130 2200 2165 2257 de

535 2282 692 2353 sapientiam
717 2299 810 2340 verunt
823 2283 903 2341 etiam
922 2283 957 2340 de
967 2284 1018 2339 diis
1030 2298 1123 2340 eorum
1144 2298 1197 2338 non
1212 2282 1263 2338 hoe
1276 2283 1325 2339 do·
1371 2278 1489 2337 'summis
1504 2282 1530 2351 ¹,
1547 2291 1628 2355 atque
1642 2283 1677 2339 ita
1690 2299 1720 2341 so
1733 2300 1783 2341 nee
1796 2286 1957 2358 abrumpens
1967 2304 1982 2343 a
1993 2292 2120 2355 summis,
2139 2300 2168 2348 et

533 2371 621 2427 cuisse
639 2371 712 2444 qued
724 2372 759 2430 ab
779 2372 825 2429 illo
839 2371 1004 2452 didicissent.
1031 2370 1107 2429 Unde
1124 2370 1224 2428 laetum
1239 2383 1280 2427 est
1298 2379 1327 2427 ut
1377 2380 1582 2443 contemperans
1596 2373 1664 2439 imis,
1682 2374 1733 2429 ima
1747 2374 1869 2434 redderet
1881 2379 2003 2435 summis.
2017 2379 2079 2436 ldeo
2090 2381 2168 2438 Chri·

533 2476 581 2516 eos
593 2462 626 2517 de
638 2461 693 2519 lieo
706 2460 785 2518 lsrael
798 2462 886 2534 potius
895 2477 1061 2538 urgeremus,
1071 2463 1115 2535 qni
1124 2462 1326 2534 perEeelesiatn
1378 2473 1436 2522 stus
1448 2465 1578 2521 mediator
1588 2466 1635 2522 net
1649 2474 1676 2522 et
1688 2465 1825 2524 hominum
1837 2468 1923 2526 dietus
1935 2480 1986 2537 est,
1998 2472 2067 2528 inter
2082 2473 2165 2529 heum

533 2551 1325 2630 Christianorumabomnibusqentihuscelitur,etistorum
1377 2555 1556 2612 immortalem
1575 2566 1604 2613 et
1629 2557 1764 2615 homiuem
1783 2561 1922 2617 mortalem
1948 2563 2019 2619 heus
2039 2572 2066 2620 et
2086 2565 2167 2622 homo

533 2644 678 2716 sacrilegas
689 2645 819 2720 sanitates
831 2645 929 2718 ubique
934 2647 991 2716 iam
998 2645 1104 2715 euertit,
1118 2644 1188 2702 sieut
1202 2661 1248 2718 per
1258 2645 1325 2700 Pro·
1378 2645 1399 2716 (l
1410 2644 1478 2701 Tim.
1494 2661 1524 2714 n,
1536 2647 1579 2718 b),
1593 2649 1767 2705 reconcilians
1781 2649 1916 2707 hominem
1926 2651 1997 2721 lieo,
2010 2669 2120 2711 manens
2134 2656 2161 2711 id

533 2735 629 2806 phetas
643 2749 706 2791 suos
721 2744 795 2792 tamo
818 2745 880 2793 ante
892 2734 1031 2807 prodixit,
1054 2744 1084 2794 et
1094 2749 1143 2808 per
1162 2734 1260 2792 Christi
1278 2750 1326 2790 no·
1378 2737 1448 2808 quod
1463 2746 1539 2806 erat,
1559 2737 1644 2794 iaetus
1660 2740 1730 2813 quod
1742 2755 1794 2797 non
1807 2750 1875 2797 erat.
1888 2741 1947 2814 lpse
1960 2753 2002 2801 est
2012 2746 2089 2804 nohis
2100 2745 2167 2804 ludes

534 2841 614 2895 men,
641 2827 666 2882 in
679 2842 733 2898 quo
745 2827 867 2885 bettodici
876 2840 971 2884 omnes
984 2836 1078 2900 pentes
1092 2826 1270 2900 promiserat,
1294 2841 1326 2883 ca
1378 2826 1405 2883 in
1420 2826 1500 2883 rebus
1509 2828 1586 2895 ortis,
1601 2828 1647 2898 qui
1657 2837 1699 2884 est
1713 2830 1810 2885 uerius
1822 2831 1849 2885 in
1863 2832 1981 2888 artemis.
2142 2825 2147 2838 ’

533 2935 594 2990 que
614 2919 754 2991 predixit,
774 2920 904 2993 implerit.
927 2921 967 2980 Ea
989 2934 1043 2992 quo
1063 2919 1212 2992 turdique
1228 2919 1328 2978 dabam
1413 2915 1458 2972 bi.
1478 2915 1534 2972 lloe
1555 2920 1729 2988 ntaqnnm'et
1749 2917 1926 2977 inenarrabile
1948 2934 2161 2993 sacramentum,

536 3027 587 3067 nee
599 3011 735 3069 christum
749 3013 821 3068 aliud
836 3012 870 3070 de
884 3013 936 3068 diis
949 3028 1043 3069 eorum
1063 3011 1104 3069 rel
1126 3027 1208 3070 nasse
1221 3014 1263 3070 vel
1276 3013 1326 3070 du-
1379 3004 1431 3064 hoc
1445 3021 1555 3078 regnum
1568 3016 1596 3064 et
1611 3007 1787 3065 sacerdotium
1807 3011 1922 3084 antiquis
1940 3028 1989 3084 per
2000 3014 2165 3087 prophetiam

533 3117 596 3158 cere
610 3102 744 3173 potuisse,
762 3118 841 3173 quam
857 3102 927 3160 heus
943 3101 1024 3160 lsrael
1037 3118 1085 3174 per
1100 3102 1248 3174 Prophetas
1260 3118 1325 3162 suos
1367 3097 1561 3166 revelabatur,
1581 3099 1697 3170 posteris
1709 3115 1800 3157 eornm
1815 3117 1863 3173 per
1882 3102 2054 3176 Euangelium
2067 3107 2167 3178 praedi-

533 3191 563 3262 iu
572 3192 613 3248 -sit
628 3202 708 3264 atque
720 3192 860 3264 predixit,
874 3207 922 3263 per
935 3208 1003 3263 quos
1018 3193 1104 3263 ipsum
1117 3192 1251 3249 Christum
1263 3207 1326 3264 pro-
1353 3209 1356 3218 ·
1377 3198 1463 3244 catur.
1474 3186 1620 3258 Oportebat
1631 3191 1703 3245 enim
1714 3200 1742 3246 ut
1754 3192 1898 3263 aliquande
1908 3193 1934 3250 iu
1947 3198 2068 3254 omnibus
2079 3200 2165 3271 genti·

535 3283 607 3338 misit
619 3293 646 3339 et
664 3284 754 3350 misit;
775 3284 802 3339 in
822 3284 899 3354 eujus
913 3284 1020 3340 nomine
1038 3284 1185 3341 secundum
1197 3285 1328 3355 pollicita·
1379 3277 1429 3336 11111
1439 3278 1604 3347 redderetur,
1618 3280 1688 3351 duod
1699 3281 1743 3336 diu
1758 3298 1805 3352 per
1816 3300 1893 3339 11111111
1905 3294 2012 3355 uenwtu
2027 3289 2164 3358 promitte-

534 3373 634 3428 tinnem
647 3389 726 3445 quam
738 3373 860 3430 Patribus
869 3371 943 3441 iecit,
958 3388 1019 3429 enm
1035 3372 1258 3430 benedicerentur
1268 3389 1328 3430 om·
1379 3369 1468 3426 batur.
1493 3368 1608 3427 Proinde
1630 3371 1675 3442 qui
1701 3372 1850 3443 Prophetas
1875 3385 1938 3431 aute
1964 3375 2165 3436 descensionem

534 3479 583 3520 nes
593 3474 696 3535 gentes,
705 3463 802 3520 iactum
813 3473 854 3522 est
865 3472 931 3521 utet
942 3465 998 3535 ipse
1008 3464 1079 3522 heus
1088 3464 1180 3533 lsrael,
1196 3465 1327 3522 unitusae
1379 3473 1455 3515 sut-utu
1475 3460 1619 3531 prarntstt,
1639 3461 1735 3531 ipseet
1755 3463 1896 3533 Apostolos
1909 3475 1968 3534 post
1982 3470 2165 3526 ascensionem

536 3564 615 3611 terrae
633 3565 772 3613 uocaretur
792 3573 800 3611 a
823 3571 874 3613 nec
885 3555 1031 3629 discipulos
1047 3555 1106 3627 ejus
1123 3572 1139 3613 a
1153 3556 1194 3614 sui
1209 3558 1327 3630 magistri
1379 3564 1455 3605 suam
1467 3549 1549 3605 misit.
1563 3551 1692 3608 Orarnibus
1704 3562 1792 3609 autern
1803 3553 1938 3625 discipulis
1951 3556 2007 3611 suis
2021 3573 2068 3628 per
2081 3559 2167 3616 homi·

535 3647 655 3704 dnetrina
664 3648 794 3716 deviasse,
806 3663 867 3706 enm
875 3648 940 3706 deos
947 3647 1071 3706 Gentium
1080 3648 1132 3706 culi
1141 3648 1327 3720 prohiberent,
1380 3656 1442 3697 nem
1457 3656 1535 3714 quem
1547 3642 1700 3713 assumpsit,
1713 3653 1836 3715 tanquam
1851 3646 1978 3702 tuetubris
1990 3647 2032 3703 sui
2042 3653 2165 3721 eorporis
2257 3657 2264 3668 '

536 3749 570 3795 ne
583 3739 626 3795 vel
639 3739 781 3796 insensatis
790 3738 940 3796 simulacris
952 3725 1175 3812 supplicaremus,
1186 3739 1229 3796 rel
1239 3741 1327 3796 sscie-
1379 3741 1460 3805 caput
1472 3742 1523 3790 est.
1539 3731 1629 3807 ltaque
1641 3750 1702 3792 eura
1716 3736 1755 3793 illi
1768 3737 1930 3807 seripserunt
1942 3754 2004 3810 quo
2016 3739 2061 3796 ille
2073 3753 2166 3799 osten·

536 3837 616 3884 tatem
628 3844 689 3885 enm
700 3829 839 3886 daemoniis
854 3830 1024 3896 haberemus,
1041 3830 1083 3886 uel
1095 3839 1226 3886 creaturae
1240 3832 1328 3902 potius
1347 3895 1353 3902 ,
1380 3825 1420 3881 dit
1432 3834 1460 3884 et
1471 3824 1555 3895 dixit,
1566 3841 1733 3900 nequaquam
1747 3827 1889 3886 dicendum
1906 3838 1948 3886 est
1959 3829 2028 3903 qu'od
2042 3832 2099 3905 ipse
2112 3848 2167 3892 nou

535 3936 614 3991 quam
627 3920 748 3980 Creatori
760 3919 894 3994 religionis
910 3920 1039 3992 obsequio
1047 3919 1221 3998 'serviremus
1380 3914 1534 3987 scripserit;
1555 3917 1767 3990 qnandoquidem
1789 3919 1907 3977 membra
1931 3922 1989 3993 ejus
2010 3923 2035 3979 id
2056 3936 2164 3996 operata

535 4010 648 4068 cabul
662 4010 771 4068 xant.
791 4041 828 4053 -
842 4009 991 4067 hiematuris
1003 4010 1149 4082 mysterium
1161 4010 1271 4085 antiquis
1284 4029 1330 4084 prr
1381 4013 1461 4077 sunl,
1485 4007 1556 4079 quod
1578 4008 1694 4066 dictante
1716 4010 1803 4083 eapite
1823 4021 2013 4084 cognoverunt.
2034 3999 2172 4087 Quidquid

599 4104 765 4175 prophetiam,
779 4102 851 4159 noha
862 4119 907 4173 per
918 4099 1087 4174 Eneapelisrtt
1097 4101 1261 4171 predicatur.
1380 4098 1453 4155 enim
1463 4097 1507 4155 ille
1520 4098 1553 4154 de
1567 4101 1622 4155 suis
1632 4099 1708 4156 lactis
1717 4109 1744 4156 et
1756 4100 1836 4158 dietis
1849 4116 1898 4158 nos
1912 4103 1999 4176 legere
2012 4104 2105 4172 voluit,
2117 4107 2168 4162 huc

572 4197 615 4252 53.
637 4194 820 4267 Quapropter,
844 4210 905 4251 enan
928 4194 963 4252 sit
977 4193 1034 4266 ipse
1051 4191 1174 4250 Christus
1194 4192 1329 4265 Sapientia
1381 4190 1552 4248 scribendum
1574 4189 1627 4248 illis
1650 4199 1774 4264 tanquam
1798 4193 1853 4249 suls
1874 4195 1997 4276 matribus
2016 4195 2166 4269 imperarit.

477 4265 483 4280 ⁸
539 4288 603 4353 liei,
627 4304 765 4362 perquem
785 4297 874 4346 ereata
892 4296 959 4348 sunt
983 4287 1091 4356 omnia,
1113 4303 1227 4360 euntque
1251 4288 1330 4344 nulla
1383 4279 1440 4339 lloe
1454 4281 1561 4339 unitatis
1572 4281 1734 4340 consortium
1748 4291 1775 4339 et
1786 4284 1812 4339 in
1825 4283 1938 4343 diversis
1947 4283 2042 4343 olheiis
2053 4302 2167 4344 coneor-

537 4388 643 4437 meutes
652 4380 795 4438 rationales
806 4380 1033 4452 sitcdnqelorum
1044 4382 1101 4452 alre
1114 4378 1263 4448 hominnm,
1278 4379 1329 4435 nisi
1368 4372 1455 4434 ¹tlinm
1473 4374 1656 4430 membrorum
1670 4373 1721 4431 sub
1738 4388 1791 4430 nno
1807 4375 1893 4446 capite
1909 4375 2084 4434 ministerium
2094 4379 2168 4449 qnis-

538 4472 739 4546 portieipationc
753 4473 836 4546 ipsius
849 4473 984 4544 sapientes
997 4471 1072 4539 haunt
1088 4471 1132 4528 cul
1143 4470 1329 4542 perspiritum
1381 4465 1442 4539 quis
1454 4465 1629 4533 intellexerit,
1644 4481 1696 4522 non
1707 4466 1784 4523 aliter
1795 4465 1907 4538 accipiet
1915 4468 1986 4540 quod
1998 4469 2165 4526 narrantibus

538 4577 677 4634 sanctum,
700 4581 749 4638 per
767 4581 847 4637 quem
860 4564 977 4622 charitas
990 4564 1018 4620 in
1030 4561 1155 4620 cordibus
1168 4561 1266 4618 uostris
1276 4559 1330 4616 dii·
1382 4558 1520 4632 discipulis
1530 4558 1628 4615 Christi
1639 4559 1665 4614 in
1680 4557 1824 4630 Evangelio
1836 4557 1945 4632 legerit,
1956 4561 2067 4631 quamsi
2081 4560 2163 4631 ipsam

540 4658 675 4724 iunditnr,
689 4656 868 4724 inhaeremus,
881 4670 941 4728 que
953 4653 1069 4710 Trinitas
1089 4637 1159 4710 nnus
1179 4651 1249 4708 heus
1269 4659 1329 4716 esta
1382 4649 2155 4722 mauuuuhomini,quaminproprioeorpereqcstabat,seri
2230 4687 2234 4698 .

539 4747 691 4805 consultum
704 4754 746 4804 est
758 4745 846 4803 ditiua
858 4743 1022 4818 prouidentia
1036 4740 1204 4808 mortalibus,
1218 4755 1331 4812 quorum
1384 4743 1490 4800 herilem
1498 4741 1678 4813 conspexerit.
1684 4741 1862 4809 Quamobrem
1876 4741 1920 4798 illa
1927 4742 2157 4814 potiusjamridea

541 4836 696 4910 temporalis
713 4838 767 4893 uita
784 4837 812 4894 in
829 4836 910 4894 rebus
930 4832 1077 4892 orientibus
1096 4839 1125 4889 ct
1149 4831 1332 4888 madentibus
1383 4849 1445 4891 mus
1464 4830 1550 4906 qualia
1577 4831 1649 4898 sint,
1671 4846 1731 4904 quae
1751 4825 1844 4902 pulsnt
1867 4831 2050 4904 Eranqellstas
2062 4832 2171 4890 sibimet

540 4937 668 5001 occupata
682 4927 837 4997 ιιιιιιῑιιιιιι,
860 4934 891 4983 ut
903 4925 997 4982 adem
1011 4924 1067 4996 ipsa
1081 4923 1128 4980 liei
1148 4921 1282 4995 Sapientia
1297 4920 1332 4978 ad
1384 4923 1597 4995 ipsisscrlpsisse
1609 4923 1742 4982 contraria
1758 4921 1845 4995 (quod
1858 4938 1951 4996 parunt
1964 4924 2170 4997 intelligentibus

542 5020 670 5076 unitatem
688 5033 810 5092 personae
830 5032 887 5074 snae
900 5015 1020 5094 ¹homine
1046 5024 1200 5086 assumpto,
1228 5014 1254 5070 in
1279 5028 1333 5085 quo
1384 5012 1468 5070 rideri
1479 5011 1636 5086 potest);ut
1649 5012 1692 5069 his
1705 5013 1896 5084 questionibus
1914 5011 2060 5085 dissolntls,
2074 5016 2171 5073 exboe

542 5105 726 5185 temporaliter
739 5118 912 5178 nasceretur,
928 5108 1045 5174 niteret,
1060 5115 1224 5171 moreretur,
1239 5120 1332 5163 resm-
1383 5117 1491 5175 qnoque
1502 5112 1644 5174 appareat,
1661 5102 1733 5161 illius
1746 5104 1842 5176 eapitis
1861 5104 1996 5175 membra,
2018 5121 2071 5163 non
2083 5107 2170 5163 solum

540 5214 626 5274 peret,
641 5219 758 5277 congrua
771 5202 850 5260 saluti
864 5209 962 5258 nosue
971 5199 1085 5256 dicendo
1096 5197 1268 5265 et-iaciendo,
1284 5213 1332 5269 pa-
1357 5209 1365 5228 ·
1385 5192 1456 5250 idem
1468 5192 1617 5261 sentiendo,
1633 5195 1815 5252 verumetiam
1824 5197 2007 5253 convenientia
2017 5196 2171 5262 scribendo,

541 5295 633 5351 tiendo
646 5303 674 5351 et
692 5293 865 5358 sustinendo,
888 5292 965 5350 fluet
984 5300 1014 5348 et
1032 5288 1158 5348 deorsum
1179 5287 1333 5345 homiuibus
1385 5284 1412 5340 in
1426 5284 1546 5356 eorporis
1556 5281 1639 5355 ipsius
1653 5284 1753 5342 unitate
1764 5299 1918 5360 permanant
1928 5300 2051 5345 servasse
2060 5301 2171 5344 coneor-

540 5386 694 5458 esetnplum
708 5383 858 5453 redeundi,
873 5392 901 5464 et
914 5381 1009 5454 eisqui
1023 5394 1131 5438 sursum
1146 5386 1208 5436 sunt
1223 5378 1332 5450 Angelis
1384 5375 1467 5432 diam.

541 5477 692 5547 exemplum
706 5474 839 5532 manendi.
851 5461 908 5531 Nisi
921 5474 993 5530 enim
1007 5481 1035 5528 et
1047 5471 1073 5529 iu
1086 5471 1183 5527 animae
1194 5467 1354 5562 rationalisq

541 5576 636 5624 natura
649 5566 831 5639 temporaliter
841 5563 940 5636 aliquid
953 5564 1079 5632 urinam,
1092 5561 1119 5618 id
1132 5568 1189 5628 est,
1204 5559 1334 5632 inciperet
1418 5569 1477 5620 ¹ste
1492 5567 1550 5620 ohm
1559 5567 1655 5621 luebat
1666 5569 1740 5622 edltlo
1750 5571 1939 5635 lauronensia
1950 5569 1995 5620 ssd
2006 5569 2173 5633 haocgernaa·
2204 5533 2208 5540 ⁴

539 5655 750 5730 essequoduon
765 5664 834 5726 erat,
844 5669 1019 5728 nmquamea
1027 5651 1080 5710 rita
1090 5652 1205 5726 pessima
1213 5659 1242 5708 et
1250 5649 1332 5708 stulta
1385 5627 2173 5755 wffiwffiffiffijffiffiqfflffiffi

539 5751 575 5810 ad
587 5753 734 5825 sapientem
747 5759 829 5824 alque
840 5749 968 5823 qumana
980 5745 1141 5810 witti·
1156 5745 1196 5801 dc
1210 5743 1330 5815 11011101,
1386 5751 1647 5818 ndldntempornlit
1656 5754 1754 5806 emrtde
1764 5753 1817 5806 bnis
1828 5751 1903 5804 nuato
1913 5757 1937 5802 et
1946 5750 2053 5804 murm.
