5709 7534
510 877 582 939 tote

509 1011 587 1069 qum,
603 1001 631 1048 ut
644 989 695 1061 ipsi
716 986 842 1048 latentur,
864 979 905 1035 sir
919 974 1128 1047 sapientissimus
1141 968 1257 1038 scripsit.
1271 963 1302 1021 Sl

508 1098 599 1143 utitem
619 1086 713 1138 timent
727 1094 773 1133 eos
786 1072 916 1146 prolerre,
938 1069 1028 1144 tutique
1050 1064 1112 1120 mali
1125 1070 1207 1126 sunt;
1223 1072 1302 1129 perro

510 1179 533 1234 si
545 1176 606 1231 rurali
622 1181 693 1234 suut,
707 1184 759 1224 nou
771 1181 818 1222 ees
831 1151 1043 1233 sapientissimus
1054 1153 1162 1224 scripsit
1177 1170 1184 1206 :
1198 1149 1304 1222 sapien-

511 1269 642 1324 tissimum
654 1271 741 1316 nrrtern
751 1256 885 1313 Christum
897 1252 1029 1315 latentur;
1040 1261 1094 1302 non
1107 1258 1170 1315 ergo
1182 1240 1303 1299 Christus

510 1358 564 1413 tale
579 1351 677 1424 aliquid
692 1350 809 1419 scripsit.

509 1447 624 1506 CAPUT
644 1445 689 1501 lx.
702 1473 737 1484 —
751 1440 860 1507 Quidum
874 1437 972 1508 firrpuut
984 1430 1110 1487 Christum
1122 1426 1252 1497 scripsisse
1268 1424 1303 1478 li·

791 1510 848 1565 brot
861 1508 894 1561 de
908 1504 1024 1575 rupicis.

547 1611 591 1667 lt.
612 1607 650 1663 lta
665 1621 727 1662 sero
740 1604 784 1658 isti
807 1600 948 1669 desipiunt,
966 1604 995 1650 ut
1007 1594 1058 1650 illis
1074 1590 1150 1647 libris
1163 1602 1230 1660 qtros
1242 1601 1303 1643 eum

512 1701 651 1771 scripsisse
667 1697 830 1759 existimant,
853 1691 943 1745 dicam
954 1685 1084 1742 contineri
1099 1698 1144 1738 eas
1158 1690 1229 1737 artes
1243 1680 1304 1750 quti-

511 1806 571 1866 ιιιιιι
582 1807 643 1847 eurn
656 1796 751 1861 putant
769 1786 813 1840 illa
835 1782 930 1838 iecisse
944 1776 1083 1839 miracula,
1107 1787 1219 1846 quorum
1235 1771 1303 1825 larua

512 1887 610 1955 ubique
621 1878 770 1952 percrebuit
782 1894 788 1929 :
799 1873 869 1946 qrrod
879 1868 1057 1928 existimando
1067 1872 1171 1935 seipsos
1189 1861 1305 1933 produnt

512 1977 576 2048 qrrid
587 1975 709 2045 diligant,
723 1966 825 2039 etquid
840 1964 982 2026 allecteut;
998 1954 1211 2031 quandoquidem
1223 1951 1304 2007 Chri-

512 2080 583 2126 atum
607 2076 745 2139 propterea
769 2057 992 2130 sapientissimum
1014 2057 1107 2123 putam
1130 2048 1221 2110 luisse,
1243 2044 1305 2117 quia

512 2160 676 2228 nescioquas
689 2154 779 2209 illicita
790 2156 910 2214 rios-emt,
925 2160 985 2218 qun
997 2158 1049 2197 non
1065 2140 1151 2196 solum
1165 2135 1304 2206 disciplina

512 2249 668 2312 christiana,
691 2243 738 2299 sed
760 2242 840 2297 etiarn
856 2239 912 2308 ipsa
933 2245 1046 2291 terrente
1059 2228 1209 2301 reipublicae
1221 2224 1305 2280 admi-

512 2340 635 2398 nistratio
654 2336 714 2406 jure
727 2331 897 2387 eorrdenruat.
922 2327 954 2381 Et
975 2334 1050 2380 certe
1068 2319 1113 2391 qui
1129 2318 1194 2372 tales
1206 2314 1305 2371 Christi

512 2433 596 2488 libres
609 2427 745 2497 selegisse
758 2424 901 2486 attineant,
914 2433 962 2473 cur
974 2415 1025 2486 ipsi
1038 2413 1108 2468 uuila
1121 2411 1182 2467 talis
1193 2409 1305 2475 lucium,

512 2525 599 2594 «realia
615 2521 689 2575 illmn
703 2519 737 2575 de
751 2517 825 2572 libris
835 2514 933 2570 talibus
947 2509 1041 2566 iecisse
1052 2503 1201 2562 mirantum

512 2611 626 2670 CAPUT
644 2608 679 2665 ll.
690 2637 727 2648 -
736 2606 846 2662 llosderrr
860 2601 936 2657 libros
950 2598 1027 2653 Petro
1039 2606 1063 2651 et
1076 2594 1160 2649 l'uulo
1171 2592 1306 2662 irueriptet

712 2730 714 2735 .
793 2674 896 2742 quidam
908 2671 1025 2725 delirant.

549 2776 593 2831 l5.
613 2771 682 2842 Quid
695 2768 858 2843 quodetiam
872 2765 962 2822 diuino
972 2759 1072 2834 judicie
1090 2758 1129 2814 sic
1143 2762 1235 2811 errant
1247 2753 1307 2826 qui·

512 2872 574 2928 dam
589 2883 693 2935 eorum,
706 2866 750 2937 nui
764 2863 825 2928 talia
838 2860 973 2918 Christum
985 2853 1126 2924 scripsisse
1137 2850 1179 2906 rel
1194 2849 1307 2905 credunt

513 2966 554 3021 sel
567 2962 641 3019 credi
652 2959 753 3023 solunt,
768 2967 797 3014 ut
810 2954 919 3012 eosdem
934 2952 1019 3006 libros
1031 2948 1065 3003 ad
1079 2946 1186 3003 Petmm
1196 2951 1224 2999 et
1235 2942 1305 2996 Pau-

513 3058 568 3113 luur
582 3056 681 3119 dicant,
695 3061 819 3122 utiquam
835 3044 971 3117 epistolari
985 3039 1064 3096 titulo
1078 3043 1249 3107 prenotates.
1273 3031 1307 3087 tte

513 3149 571 3204 lteri
591 3155 676 3218 potest
689 3153 718 3198 ut
737 3142 794 3198 siue
815 3136 915 3195 inimici
935 3131 1050 3190 rrorrriuis
1068 3128 1178 3197 Cleristi,
1193 3127 1250 3180 siue
1262 3122 1307 3193 qui

514 3236 644 3309 ejusnredi
658 3229 866 3290 essecnrbilibus
887 3224 989 3280 artibus
1007 3220 1042 3277 de
1060 3228 1114 3274 tam
1132 3214 1248 3287 gloriose
1260 3227 1309 3266 ne·

514 3331 586 3385 mine
607 3326 710 3398 pondus
729 3319 894 3377 auctoritatis
906 3316 972 3371 dore
985 3328 1015 3368 se
1033 3325 1111 3383 posse
1125 3312 1304 3387 putauerunt,

515 3422 577 3476 talia
592 3420 642 3474 sub
654 3416 754 3472 Christi
768 3423 795 3470 et
809 3409 996 3481 Apostolorum
1011 3403 1119 3459 nominc
1132 3396 1306 3468 scripserint:

516 3514 543 3568 in
553 3528 605 3582 qua
615 3508 781 3565 fallacissima
794 3502 903 3560 audacia
914 3500 953 3556 sic
965 3493 1090 3554 excecati
1100 3500 1173 3556 suut,
1188 3487 1308 3544 utetiam

516 3604 642 3677 apueris,
650 3602 695 3673 qui
707 3599 794 3654 adbuc
805 3594 941 3668 pueriliter
951 3593 977 3646 in
990 3588 1073 3661 gradu
1084 3579 1224 3642 [rectorum
1237 3580 1309 3638 cirri-

516 3696 616 3751 stiouas
631 3693 745 3747 Litteras
760 3694 866 3756 ruerunt,
892 3683 989 3740 merite
1002 3679 1148 3736 rideantur.

553 3784 597 3839 lli.
617 3781 683 3838 Cum
696 3780 768 3837 euim
778 3777 879 3833 uellent
890 3774 942 3830 tale
951 3767 1050 3841 aliquid
1066 3769 1165 3839 lingere
1173 3765 1310 3822 Christum

517 3876 657 3946 scripsisse
676 3871 711 3927 ad
731 3868 879 3942 discipulos
897 3879 971 3932 suos,
993 3862 1175 3933 cogitaremus
1184 3858 1222 3914 ad
1242 3871 1311 3929 quos

517 3967 685 4039 potissimum
705 3962 826 4019 scribere
839 3958 959 4030 potuisse
973 3953 1050 4010 lacilc
1065 3950 1229 4014 crederetur,
1249 3956 1310 4003 tam

517 4073 597 4128 quam
610 4056 644 4112 ad
664 4056 724 4111 illos
736 4054 781 4124 qui
796 4052 820 4108 ei
842 4047 997 4106 familiarius
1016 4043 1200 4108 adluesissent,
1214 4039 1311 4112 utribus

518 4150 583 4207 illud
596 4149 670 4221 quasi
680 4155 812 4203 secretum
824 4143 903 4214 dipue
915 4139 1127 4198 committeretur
1139 4150 1146 4189 ε
1160 4141 1189 4190 ct
1196 4131 1312 4188 occurrit

519 4242 559 4296 eis
572 4241 667 4298 Petrus
680 4247 708 4293 et
721 4237 828 4301 Partim,
841 4232 922 4290 eredo
934 4228 1006 4300 quud
1021 4227 1140 4298 pleribus
1152 4224 1219 4280 locis
1231 4222 1311 4278 simul

518 4348 567 4388 eos
588 4347 648 4388 curn
672 4329 719 4384 illo
739 4328 824 4399 pictos
841 4325 982 4388 sidereut;
1001 4320 1063 4392 qrria
1084 4318 1180 4376 merita
1200 4314 1271 4372 Petri
1284 4322 1312 4370 et

519 4425 595 4481 Pauli
607 4422 687 4479 etiam
699 4429 807 4492 propter
818 4415 942 4473 eumdem
958 4411 1089 4485 passionis
1098 4409 1168 4466 diem
1181 4405 1312 4464 celebrius

519 4514 698 4573 solemniter*
714 4511 799 4566 Roma
822 4503 1001 4564 corrmeudat.
1024 4502 1069 4560 Sic
1090 4502 1201 4556 omniuo
1220 4512 1313 4555 errare

520 4613 686 4671 meruerunt,
708 4602 753 4673 qui
773 4600 911 4657 Christum
931 4606 959 4654 et
979 4594 1123 4666 Apostolos
1136 4593 1195 4664 ejus
1209 4606 1262 4648 nou
1285 4591 1312 4647 in

520 4699 621 4756 sanctis
629 4695 775 4762 codicibus,
787 4692 836 4750 sed
851 4694 878 4747 in
890 4690 967 4762 pictis
979 4688 1124 4759 parietibus
1133 4687 1312 4759 quesierunt:

521 4807 571 4847 nec
590 4790 686 4845 mirum
707 4787 731 4843 si
751 4801 768 4842 a
792 4783 960 4858 pingentibus
974 4780 1104 4852 urgentes
1118 4777 1222 4848 decepti
1239 4784 1312 4832 sust.

520 4883 590 4940 'loto
603 4883 675 4938 enim
697 4887 892 4950 temporeque
913 4872 1035 4930 cbristus
1057 4870 1084 4925 io
1106 4883 1186 4926 eante
1209 4866 1314 4923 mortali

520 4991 582 5031 cum
600 4974 657 5030 suis
668 4970 806 5043 discipulis
817 4968 895 5034 risit,
909 4963 1027 5022 noudum
1041 4971 1100 5019 erat
1117 4961 1215 5018 Paulus
1228 4959 1312 5016 disci-

521 5067 601 5138 pulus
620 5063 690 5134 ejus,
702 5077 783 5134 quem
805 5068 865 5132 post
878 5055 1030 5130 prasiorum
1044 5068 1132 5120 suam,
1148 5061 1210 5123 pest
1221 5065 1315 5108 mur·

521 5159 680 5223 rectionem,
703 5163 763 5227 post
776 5151 972 5215 ascensionem,
987 5154 1048 5220 post
1061 5145 1172 5204 missura
1193 5144 1227 5200 de
1240 5142 1317 5200 eoelis

520 5250 650 5319 spriritum
663 5256 796 5309 sanctum,
807 5250 868 5314 post
881 5239 1024 5296 multorum
1034 5235 1189 5293 iudeorum
1201 5249 1317 5292 muser-

520 5343 624 5399 simum
635 5349 662 5398 et
674 5338 822 5396 mirabilem
833 5334 924 5398 Mero,
935 5343 995 5404 post
1005 5330 1194 5402 lapidationem
1205 5328 1318 5399 Stepha-

521 5438 548 5493 ui
560 5435 664 5493 diaconi
674 5443 702 5489 et
713 5429 846 5502 martyris,
855 5443 916 5486 erm
926 5425 1013 5483 adbuc
1019 5424 1116 5482 sanim
1125 5422 1316 5495 appellaretur,

522 5538 609 5586 eteos
622 5527 668 5599 qui
688 5525 715 5581 iu
729 5524 865 5581 Cbristura
885 5520 1066 5587 cretlidmm,
1086 5516 1203 5590 grauiter
1223 5529 1318 5587 perse·

522 5628 659 5692 qrrcretrrr,
673 5617 708 5674 de
721 5617 792 5673 coele
803 5613 917 5680 mss,
931 5621 960 5669 et
972 5625 1050 5669 muto
1062 5608 1220 5680 discipulum
1239 5616 1319 5678 ntrpne

524 5711 673 5782 apostolum
688 5708 753 5766 iecit
764 5708 830 5780 (Act.
842 5722 880 5772 rs,
894 5703 982 5777 l-lli).
992 5701 1133 5771 Quom
1142 5700 1223 5774 igitur
1233 5700 1320 5772 pertarit

525 5803 618 5868 lilrres,
638 5815 706 5872 ques
716 5807 858 5869 autequam
877 5803 1029 5850 merentur
1046 5807 1109 5850 mm
1118 5790 1258 5862 eminuisse
1270 5805 1321 5861 pu-

526 5894 575 5951 tari
589 5893 691 5958 solunt,
708 5890 749 5946 'ad
761 5886 917 5960 discipulos,
931 5893 1056 5956 tanqmm
1076 5881 1318 5948 lamiliarissimos,

526 5990 634 6046 Petrum
644 5998 670 6045 et
679 5987 790 6044 Paulum
796 5982 925 6050 seribere,
935 5993 997 6038 caut
1008 5967 1231 6054 Paulasuoaduro
1241 5974 1322 6032 luerit

527 6083 673 6154 discipulus
685 6078 763 6150 eius!

481 6277 485 6284 -
529 6175 1324 6371 Qffibmwffldui

1198 848 1302 910 LIBER
1318 843 1456 906 l’ttttttts.
1561 847 1593 892 .'

1355 961 1468 1019 CAPUT
1486 961 1576 1020 XL-
1594 963 1628 1019 lu
1648 980 1690 1021 ecs
1707 963 1752 1034 eui
1771 961 1896 1020 sommum
1910 961 2035 1019 Clrrlstuut
2049 965 2145 1035 umpicr

1530 1065 1585 1110 arte
1598 1055 1706 1126 populos
1719 1055 1753 1110 url
1771 1072 1798 1112 re
1808 1055 1966 1110 concutiam.

1391 1146 1436 1202 i'l.
1457 1145 1523 1201 illud
1547 1161 1653 1217 qrroque
1676 1146 1814 1203 attendant
1840 1149 1884 1217 qui
1908 1146 2017 1216 magieis
2043 1143 2144 1199 artibus

1354 1244 1428 1293 bruta
1442 1253 1503 1293 eum
1517 1240 1644 1309 potuisse,
1666 1249 1693 1294 et
1706 1255 1802 1294 nomen
1816 1253 1891 1294 suum
1906 1242 1937 1293 ad
1955 1238 2065 1309 pupulos
2079 1237 2104 1290 iu
2115 1248 2145 1292 sd

1355 1328 1548 1384 ornsenendos
1567 1341 1624 1384 arte
1645 1329 1701 1396 ipsa
1721 1344 1890 1384 consecrasse
1912 1329 2034 1392 delirant,
2056 1336 2143 1381 utrum

1355 1421 1471 1491 potuerit
1483 1420 1591 1490 magicis
1603 1421 1703 1475 artibus
1718 1430 1804 1475 tantos
1820 1421 1964 1489 l‘ruplretas
1976 1419 2065 1474 divino
2079 1417 2143 1488 spe

1355 1509 1417 1577 ritu,
1440 1519 1580 1581 arrtequam
1599 1509 1627 1565 in
1649 1519 1719 1565 terra
1740 1520 1903 1575 nasceretur,
1918 1510 2037 1579 implere,
2051 1509 2142 1580 quide

1355 1602 1400 1656 illo
1413 1603 1476 1657 talia
1490 1601 1583 1657 lutura
1600 1603 1735 1673 praelocuti
1747 1611 1819 1666 sunt,
1841 1603 1927 1672 qualia
1940 1603 1994 1671 jaur
2010 1602 2143 1673 preterita

1356 1692 1382 1745 iu
1406 1692 1549 1763 Evangelio
1572 1691 1693 1760 legionis,
1716 1700 1744 1747 et
1764 1693 1850 1762 qrralia
1872 1692 1898 1747 in
1919 1692 1985 1746 orbe
2011 1699 2141 1747 terrarum

1356 1784 1494 1851 presentia
1508 1798 1578 1839 nunc
1590 1782 1719 1839 ridemus.
1734 1781 1826 1853 Neque
1838 1782 1920 1845 enirn,
1934 1780 1957 1835 si
1969 1781 2077 1848 magicis
2087 1781 2146 1835 arti·

1355 1874 1406 1930 bus
1420 1875 1483 1931 iecit
1496 1884 1524 1929 ut
1542 1876 1675 1931 coleretur
1695 1884 1722 1931 et
1734 1884 1865 1937 mortuus.
1888 1886 1980 1942 magus
1998 1880 2055 1927 erat
2066 1880 2143 1926 ante·

1355 1980 1435 2038 quam
1449 1976 1528 2023 natus
1543 1983 1549 2021 :
1564 1967 1606 2023 cui
1620 1965 1803 2038 prophetando
1822 1973 1935 2022 verituro
1954 1978 2020 2035 pens
2034 1980 2084 2019 uua
2098 1964 2145 2020 de·

1356 2068 1445 2129 putata
1453 2058 2145 2154 cst3cujusreipublieatotaadnuiuistmtinpropbetia

1356 2157 1428 2205 esset
1450 2149 1519 2206 illius
1538 2151 1609 2221 repis
1627 2151 1742 2217 verituri,
1763 2159 1790 2207 et
1806 2137 1939 2207 civilatem
1957 2149 2093 2206 coelesteur
2111 2165 2145 2204 es

1356 2242 1616 2313 omnibusgentibus
1634 2243 1776 2300 condituri.
1823 2287 1828 2294 .
1871 2268 1875 2279 ¹

1357 2333 1471 2391 CAPUT
1490 2334 1547 2392 llll.
1563 2365 1599 2377 -
1610 2334 1849 2401 ledaeoruurlleus,
1864 2334 1915 2390 illis
1926 2333 2076 2405 srrbjuputlr,
2090 2331 2147 2387 ideo

1391 2443 1442 2482 nou
1454 2428 1502 2499 {uit
1514 2445 1530 2482 o
1542 2425 1665 2483 Romanis
1680 2437 1802 2494 receptus,
1822 2427 1890 2498 quod
1903 2428 1925 2481 ir
1938 2426 2037 2497 juberet
2060 2439 2088 2482 te
2100 2439 2145 2477 so·

1392 2519 1445 2574 lum
1459 2518 1510 2573 celi
1520 2518 1664 2574 simulacris
1678 2517 1775 2573 deletis.

1393 2609 1437 2666 te.
1458 2608 1574 2665 Proinde
1586 2608 1656 2664 illius
1666 2607 1785 2663 liebraeae
1796 2606 1882 2678 gentis
1891 2605 1925 2660 ad
1936 2602 2145 2675 prophetandum

1356 2698 1504 2767 Christum,
1518 2700 1588 2756 sieut
1599 2699 1664 2767 dixi,
1677 2698 1808 2770 deputate
1822 2697 1909 2754 mullus
1920 2697 1987 2752 alius
1998 2696 2065 2752 deus
2077 2704 2145 2759 erat,

1356 2791 1407 2849 nisi
1419 2791 1489 2847 Deus
1502 2805 1582 2858 uuus,
1595 2790 1666 2846 Deus
1676 2803 1765 2856 serus,
1776 2789 1821 2860 qui
1833 2789 2001 2846 leobaudum
2012 2795 2039 2841 et
2051 2793 2147 2840 terrum

1357 2893 1385 2940 ct
1407 2882 1496 2938 emnia
1520 2897 1579 2954 qum
1600 2881 1627 2936 in
1647 2881 1687 2937 eis
1710 2890 1773 2936 suut
1786 2898 1793 2935 ι
1808 2895 1861 2950 quo
1882 2879 1984 2934 eliense
2002 2891 2073 2946 saepe
2093 2878 2149 2931 suis

1358 2974 1480 3031 hostibus
1502 2972 1698 3036 subdebantur3
1724 2985 1794 3026 nurrc
1815 2971 1894 3026 etiem
1923 2985 1971 3041 pro
1991 2967 2149 3039 gravissimu

1358 3065 1461 3121 scelere
1472 3063 1554 3121 eccisi
1568 3061 1678 3127 Christi,
1691 3077 1724 3117 cx
1737 3063 1794 3132 ipsa
1807 3059 1982 3132 ierosolyma,
2003 3057 2073 3129 quod
2091 3066 2150 3113 emt

1358 3157 1433 3227 regni
1457 3170 1549 3212 corum
1573 3163 1670 3227 eaput,
1693 3153 1797 3225 penitus
1819 3153 1956 3218 eradicati,
1980 3160 2008 3207 ct
2029 3151 2150 3205 Rtttttattt)

1359 3247 1472 3318 imperio
1481 3247 1612 3318 subjugati
1625 3254 1698 3301 sunt.
1719 3244 1845 3301 Sciebant
1858 3253 1946 3298 autem
1961 3242 2073 3297 Ronlani
2084 3241 2149 3297 deos

1359 3340 1477 3412 pentinum
1492 3355 1558 3411 quas
1576 3338 1762 3409 subiugabant,
1782 3335 1910 3393 colendos
1931 3333 2074 3406 propitiare
2088 3334 2108 3396 ¹.
2122 3343 2151 3389 et

1359 3448 1453 3490 eorum
1473 3447 1548 3488 saera
1563 3429 1709 3500 suscipere.
1723 3428 1780 3484 linc
1791 3426 1826 3483 de
1839 3428 1895 3482 lieo
1907 3425 1992 3498 peritis
2010 3423 2150 3488 llebrtem,

1359 3541 1420 3583 eum
1435 3540 1493 3580 eam
1508 3523 1552 3579 sel
1564 3527 1785 3592 oppugnaverunt
1798 3518 1839 3573 rel
1851 3518 1982 3583 uicerunt,
2003 3516 2090 3571 lacere
2104 3531 2153 3569 no-

1360 3619 1475 3675 luerunt.
1490 3613 1578 3672 Credo
1595 3612 1667 3685 quod
1685 3611 1821 3674 sidebant,
1836 3609 1859 3665 si
1877 3604 1935 3679 ej'us
1953 3607 2000 3662 bei
2019 3621 2094 3662 sacra
2107 3621 2152 3662 re·

1360 3710 1491 3780 ciperem,
1511 3707 1598 3777 eurise
1612 3703 1708 3769 solum,
1723 3701 1818 3757 deletis
1830 3699 1910 3756 etiam
1925 3696 2085 3760 sirnrrlneris,
2100 3694 2152 3750 culi

1358 3799 1475 3872 juberet,
1499 3794 1657 3854 dimittenda
1673 3807 1734 3850 esse
1754 3791 1842 3848 omnia
1863 3805 1923 3859 quar
1948 3789 2022 3860 prius
2039 3785 2152 3842 colenda
2241 3785 2244 3792 '

1360 3897 1550 3962 susceperant,
1580 3901 1693 3960 quorum
1717 3883 1890 3956 religionibus
1912 3878 2051 3950 imperium
2074 3892 2152 3933 suum

1361 3985 1478 4042 creuisse
1490 3980 1696 4037 arbitrabuntur.
1718 3975 1747 4031 lu
1762 3990 1815 4045 quo
1826 3988 1874 4030 eos
1892 3972 2034 4043 plurimum
2047 3968 2153 4025 fallacia

1361 4075 1513 4130 drumonem
1533 4068 1682 4140 decipiebat
1699 4084 1707 4122 ι
1723 4081 1784 4121 nam
1796 4064 1888 4136 utique
1910 4061 2058 4132 intelligere
2070 4059 2154 4115 debc-

1361 4168 1436 4232 bant‚
1451 4164 1554 4222 occulta
1568 4162 1616 4219 liei
1629 4161 1685 4218 reri
1702 4158 1849 4222 uoluntate,
1869 4169 1953 4227 penes
1968 4169 2048 4227 quiem
2063 4167 2154 4209 rerum

1362 4271 1466 4314 summa
1481 4262 1598 4327 potestas
1618 4261 1670 4321 est,
1690 4250 1741 4306 sibi
1754 4250 1845 4306 datum
1864 4256 1893 4304 ct
1903 4255 2009 4303 auctum
2023 4260 2154 4318 regnum,

1363 4366 1416 4408 non
1436 4350 1542 4405 illorum
1560 4347 1673 4404 deorum
1688 4343 1797 4410 lasere;
1811 4341 1856 4413 qui
1867 4341 1890 4398 si
1904 4331 2004 4412 aliquid
2019 4339 2045 4395 in
2065 4338 2115 4394 bac
2127 4354 2158 4394 re

1364 4440 1504 4515 potestatis
1523 4437 1690 4502 habuissent,
1705 4448 1769 4491 suos
1780 4433 1869 4504 potius
1891 4430 2077 4502 protexissent,
2093 4445 2127 4484 ne
2140 4444 2155 4483 a

1363 4531 1492 4591 Romanis
1503 4536 1702 4601 superarentur,
1717 4534 1763 4582 aut
1772 4526 1844 4598 ipses
1855 4524 1896 4582 eis
1907 4523 2043 4579 llonrauos
2054 4520 2157 4577 edomi-

1364 4635 1406 4683 tos
1426 4623 1621 4693 selrjugasseot.

1401 4713 1446 4772 te.
1465 4712 1556 4783 Neque
1568 4709 1640 4766 euim
1655 4713 1765 4779 pomum
1776 4705 1866 4761 dicere
1880 4703 2005 4774 pietatem
2018 4716 2050 4758 ac
2066 4716 2157 4757 mores

1365 4819 1431 4862 suos
1441 4818 1457 4859 a
1468 4802 1520 4862 diis
1531 4801 1650 4873 genitium
1659 4811 1728 4870 urus
1739 4796 1871 4861 uicerunt,
1883 4794 1996 4850 dilectos
2007 4800 2035 4847 et
2044 4792 2154 4848 electos.

1365 4896 1505 4967 Nunquam
1521 4893 1572 4949 bec
1583 4890 1683 4957 dicent,
1705 4888 1729 4944 si
1743 4887 1887 4959 primordia
1900 4901 1947 4942 sua
1967 4885 2096 4949 recolant,
2117 4882 2158 4939 la-

1366 4988 1550 5046 cineroserum
1571 4985 1675 5056 asylum
1693 4993 1719 5039 et
1739 4978 1846 5036 liomuli
1860 4975 2043 5034 fratricidium.
2065 4976 2157 5047 Neqrre
2245 4977 2249 4982 '

1367 5079 1439 5136 enim
1447 5075 1554 5149 quaudo
1563 5073 1665 5147 asylum
1673 5071 1868 5129 constituerunt
1876 5069 2008 5125 liemuset
2015 5067 2157 5132 Romulus,

1367 5179 1397 5226 ut
1417 5166 1536 5241 queisquis
1553 5161 1696 5234 cuiuslibet
1716 5161 1824 5218 sceleris
1845 5173 1907 5215 reus
1920 5173 1954 5215 eo
1974 5157 2155 5230 conlegisset,

1369 5259 1483 5318 inultum
1506 5255 1616 5312 baberet
1638 5252 1821 5316 commissum,
1841 5258 1975 5322 precepta
1997 5250 2161 5320 penitentiae

1369 5351 1500 5410 dederuut
1520 5348 1554 5406 ad
1575 5339 1707 5404 sanandas
1726 5344 1829 5400 animas
1851 5343 2030 5408 miseromm;
2053 5356 2086 5396 ac
2106 5355 2160 5396 non

1368 5445 1459 5518 potius
1472 5444 1609 5501 collectam
1624 5441 1772 5498 timentium
1790 5453 1898 5494 manum
1912 5447 2004 5493 centra
2017 5448 2080 5489 suas
2094 5431 2160 5488 ciri-

1370 5547 1449 5604 tates,
1471 5551 1583 5608 quarum
1598 5536 1670 5608 leges
1692 5532 1831 5598 timebant,
1853 5528 1977 5585 mercede
1998 5524 2162 5595 impunitatis

1370 5637 1509 5686 armarunt
1522 5646 1530 5684 a
1545 5635 1592 5683 aut
1604 5624 1711 5698 quando
1724 5622 1853 5680 Romulus
1864 5620 1982 5684 fratrem,
1996 5619 2041 5688 qrri
2054 5615 2119 5671 nibil
2135 5616 2162 5671 lo

1372 5736 1435 5778 eum
1443 5718 1693 5790 mali-perpetrarat,
1704 5713 1810 5778 occidit,
1820 5706 2163 5783 justitiarusirrdiemrdi,ac

1372 5827 1426 5869 neo
1441 5810 1615 5883 principatum
1631 5804 1784 5863 dominandi
1796 5800 1930 5872 cogitarit.
1944 5797 2018 5854 itam
2028 5799 2093 5854 istos
2104 5815 2163 5854 riso·

1373 5919 1419 5960 res
1436 5901 1587 5959 dilexerunt
1605 5898 1654 5966 dii,
1669 5897 1760 5952 bostes
1773 5908 1881 5950 suarum
1895 5890 2031 5947 ciuitatum
2053 5890 2165 5946 lascrrdu

1373 5994 1496 6052 bostibus
1504 6006 1596 6051 earum
1604 5991 1616 6045 l
1625 5988 1694 6057 Quin
1706 5986 1793 6058 potius
1806 5998 1855 6040 nec
1864 5981 1924 6039 illas
1932 5967 2081 6039 deserendo
2092 5997 2166 6051 pres-

1374 6093 1478 6154 serunt,
1492 6097 1543 6140 nec
1561 6081 1596 6138 ad
1614 6080 1680 6135 istus
1701 6073 1864 6133 uauseundo
1875 6089 1925 6131 eus
1943 6072 2044 6145 aliquid
2059 6072 2167 6143 adjure-

1371 6188 1454 6246 ruut3
1474 6176 1536 6248 quia
1555 6188 1609 6230 uuo
1621 6171 1721 6227 liabent
1738 6167 1766 6225 ln
1779 6175 1913 6240 potestate
1930 6181 2042 6241 regnum
2055 6164 2120 6223 dure
2140 6171 2167 6223 ct

1379 6349 1384 6360 ,
1406 6295 1415 6328 ¹
1429 6301 1482 6346 uss
1494 6290 1613 6357 quinum,
1624 6284 1724 6342 ecloum
1734 6281 1874 6352 moremus.
